timestamp,message_type,order_id,side,price,size
2009-02-13 04:12:37.098,A,1,B,3.54,15.0
2009-02-13 04:12:37.098,A,2,S,3.63,10.0
2009-02-13 04:13:42.155,C,2,S,3.63,10.0
2009-02-13 04:13:42.155,A,3,S,3.64,10.0
2009-02-13 04:13:44.615,C,3,S,3.64,10.0
2009-02-13 04:13:44.615,A,4,S,3.63,10.0
2009-02-13 04:13:45.585,C,4,S,3.63,10.0
2009-02-13 04:13:45.585,A,5,S,3.64,10.0
2009-02-13 04:13:55.784,C,5,S,3.64,10.0
2009-02-13 04:13:55.784,A,6,S,3.63,10.0
2009-02-13 04:14:03.914,C,6,S,3.63,10.0
2009-02-13 04:14:03.914,A,7,S,3.64,10.0
2009-02-13 04:14:08.614,C,7,S,3.64,10.0
2009-02-13 04:14:08.614,A,8,S,3.63,10.0
2009-02-13 04:15:11.520,C,8,S,3.63,10.0
2009-02-13 04:15:11.520,A,9,S,3.64,5.0
2009-02-13 04:15:11.600,C,9,S,3.64,5.0
2009-02-13 04:15:11.600,A,10,S,3.63,5.0
2009-02-13 04:15:11.670,C,10,S,3.63,5.0
2009-02-13 04:15:11.670,A,11,S,3.94,17.0
2009-02-13 04:15:11.740,C,11,S,3.94,17.0
2009-02-13 04:15:11.740,A,12,S,3.65,5.0
2009-02-13 04:15:17.620,C,1,B,3.54,15.0
2009-02-13 04:15:17.620,A,13,B,3.52,20.0
2009-02-13 04:15:17.620,C,12,S,3.65,5.0
2009-02-13 04:15:17.620,A,14,S,3.94,17.0
2009-02-13 04:15:17.690,C,13,B,3.52,20.0
2009-02-13 04:15:17.690,A,15,B,3.54,15.0
2009-02-13 04:15:17.690,C,14,S,3.94,17.0
2009-02-13 04:15:17.690,A,16,S,3.65,5.0
2009-02-13 04:15:22.340,C,16,S,3.65,5.0
2009-02-13 04:15:22.340,A,17,S,3.63,5.0
2009-02-13 04:15:26.719,C,15,B,3.54,15.0
2009-02-13 04:15:26.719,A,18,B,3.55,10.0
2009-02-13 04:15:45.489,C,17,S,3.63,5.0
2009-02-13 04:15:45.489,A,19,S,3.94,17.0
2009-02-13 04:15:45.559,C,19,S,3.94,17.0
2009-02-13 04:15:45.559,A,20,S,3.63,5.0
2009-02-13 04:15:48.908,C,20,S,3.63,5.0
2009-02-13 04:15:48.908,A,21,S,3.94,17.0
2009-02-13 04:15:48.979,C,21,S,3.94,17.0
2009-02-13 04:15:48.979,A,22,S,3.63,5.0
2009-02-13 04:15:54.948,C,22,S,3.63,5.0
2009-02-13 04:15:54.948,A,23,S,3.94,17.0
2009-02-13 04:15:55.018,C,23,S,3.94,17.0
2009-02-13 04:15:55.018,A,24,S,3.63,5.0
2009-02-13 04:16:02.848,C,24,S,3.63,5.0
2009-02-13 04:16:02.848,A,25,S,3.94,17.0
2009-02-13 04:16:02.918,C,25,S,3.94,17.0
2009-02-13 04:16:02.918,A,26,S,3.63,5.0
2009-02-13 04:16:13.597,C,26,S,3.63,5.0
2009-02-13 04:16:13.597,A,27,S,3.94,17.0
2009-02-13 04:16:13.667,C,27,S,3.94,17.0
2009-02-13 04:16:13.667,A,28,S,3.63,5.0
2009-02-13 04:16:28.826,C,28,S,3.63,5.0
2009-02-13 04:16:28.826,A,29,S,3.94,17.0
2009-02-13 04:16:28.906,C,29,S,3.94,17.0
2009-02-13 04:16:28.906,A,30,S,3.63,5.0
2009-02-13 04:16:29.316,C,30,S,3.63,5.0
2009-02-13 04:16:29.316,A,31,S,3.94,17.0
2009-02-13 04:16:29.396,C,31,S,3.94,17.0
2009-02-13 04:16:29.396,A,32,S,3.63,5.0
2009-02-13 04:16:29.636,C,32,S,3.63,5.0
2009-02-13 04:16:29.636,A,33,S,3.94,17.0
2009-02-13 04:16:29.706,C,33,S,3.94,17.0
2009-02-13 04:16:29.706,A,34,S,3.63,5.0
2009-02-13 04:16:29.868,C,34,S,3.63,5.0
2009-02-13 04:16:29.868,A,35,S,3.94,17.0
2009-02-13 04:16:29.936,C,35,S,3.94,17.0
2009-02-13 04:16:29.936,A,36,S,3.63,5.0
2009-02-13 04:16:30.366,C,36,S,3.63,5.0
2009-02-13 04:16:30.366,A,37,S,3.64,5.0
2009-02-13 04:16:30.376,C,37,S,3.64,5.0
2009-02-13 04:16:30.376,A,38,S,3.94,17.0
2009-02-13 04:16:30.452,C,38,S,3.94,17.0
2009-02-13 04:16:30.452,A,39,S,3.63,5.0
2009-02-13 04:16:31.906,C,39,S,3.63,5.0
2009-02-13 04:16:31.906,A,40,S,3.94,17.0
2009-02-13 04:16:31.976,C,40,S,3.94,17.0
2009-02-13 04:16:31.976,A,41,S,3.63,5.0
2009-02-13 04:17:03.855,C,41,S,3.63,5.0
2009-02-13 04:17:03.855,A,42,S,3.94,17.0
2009-02-13 04:17:03.935,C,42,S,3.94,17.0
2009-02-13 04:17:03.935,A,43,S,3.63,5.0
2009-02-13 04:17:12.112,C,43,S,3.63,5.0
2009-02-13 04:17:12.112,A,44,S,3.94,17.0
2009-02-13 04:17:12.184,C,44,S,3.94,17.0
2009-02-13 04:17:12.184,A,45,S,3.63,5.0
2009-02-13 04:17:12.334,C,45,S,3.63,5.0
2009-02-13 04:17:12.334,A,46,S,3.64,5.0
2009-02-13 04:17:12.344,C,46,S,3.64,5.0
2009-02-13 04:17:12.344,A,47,S,3.94,17.0
2009-02-13 04:17:12.414,C,47,S,3.94,17.0
2009-02-13 04:17:12.414,A,48,S,3.63,5.0
2009-02-13 04:17:12.494,C,48,S,3.63,5.0
2009-02-13 04:17:12.494,A,49,S,3.94,17.0
2009-02-13 04:17:12.564,C,49,S,3.94,17.0
2009-02-13 04:17:12.564,A,50,S,3.63,5.0
2009-02-13 04:17:12.824,C,50,S,3.63,5.0
2009-02-13 04:17:12.824,A,51,S,3.94,17.0
2009-02-13 04:17:12.904,C,51,S,3.94,17.0
2009-02-13 04:17:12.904,A,52,S,3.63,5.0
2009-02-13 04:17:29.761,C,52,S,3.63,5.0
2009-02-13 04:17:29.761,A,53,S,3.94,17.0
2009-02-13 04:17:29.824,C,53,S,3.94,17.0
2009-02-13 04:17:29.824,A,54,S,3.63,5.0
2009-02-13 04:17:36.253,C,18,B,3.55,10.0
2009-02-13 04:17:36.253,A,55,B,3.63,5.0
2009-02-13 04:17:36.253,C,54,S,3.63,5.0
2009-02-13 04:17:36.253,A,56,S,3.94,17.0
2009-02-13 04:17:36.333,C,56,S,3.94,17.0
2009-02-13 04:17:36.333,A,57,S,3.64,5.0
2009-02-13 04:17:39.003,C,57,S,3.64,5.0
2009-02-13 04:17:39.003,A,58,S,3.94,17.0
2009-02-13 04:17:39.073,C,58,S,3.94,17.0
2009-02-13 04:17:39.073,A,59,S,3.65,5.0
2009-02-13 04:17:47.032,C,59,S,3.65,5.0
2009-02-13 04:17:47.032,A,60,S,3.64,5.0
2009-02-13 04:17:50.252,C,55,B,3.63,5.0
2009-02-13 04:17:50.252,A,61,B,3.61,5.0
2009-02-13 04:17:50.482,C,61,B,3.61,5.0
2009-02-13 04:17:50.482,A,62,B,3.59,5.0
2009-02-13 04:17:53.512,C,62,B,3.59,5.0
2009-02-13 04:17:53.512,A,63,B,3.55,10.0
2009-02-13 04:17:53.522,C,63,B,3.55,10.0
2009-02-13 04:17:53.522,A,64,B,3.57,5.0
2009-02-13 04:17:53.731,C,64,B,3.57,5.0
2009-02-13 04:17:53.731,A,65,B,3.55,15.0
2009-02-13 04:18:17.411,C,60,S,3.64,5.0
2009-02-13 04:18:17.411,A,66,S,3.94,17.0
2009-02-13 04:18:17.491,C,66,S,3.94,17.0
2009-02-13 04:18:17.491,A,67,S,3.64,5.0
2009-02-13 04:18:18.501,C,67,S,3.64,5.0
2009-02-13 04:18:18.501,A,68,S,3.94,17.0
2009-02-13 04:18:18.571,C,68,S,3.94,17.0
2009-02-13 04:18:18.571,A,69,S,3.64,5.0
2009-02-13 04:18:18.831,C,69,S,3.64,5.0
2009-02-13 04:18:18.831,A,70,S,3.94,17.0
2009-02-13 04:18:18.901,C,70,S,3.94,17.0
2009-02-13 04:18:18.901,A,71,S,3.64,5.0
2009-02-13 04:18:21.600,C,71,S,3.64,5.0
2009-02-13 04:18:21.600,A,72,S,3.94,17.0
2009-02-13 04:18:21.681,C,72,S,3.94,17.0
2009-02-13 04:18:21.681,A,73,S,3.64,5.0
2009-02-13 04:18:22.511,C,73,S,3.64,5.0
2009-02-13 04:18:22.511,A,74,S,3.94,17.0
2009-02-13 04:18:22.581,C,74,S,3.94,17.0
2009-02-13 04:18:22.581,A,75,S,3.64,5.0
2009-02-13 04:18:22.621,C,75,S,3.64,5.0
2009-02-13 04:18:22.621,A,76,S,3.94,17.0
2009-02-13 04:18:22.691,C,76,S,3.94,17.0
2009-02-13 04:18:22.691,A,77,S,3.64,5.0
2009-02-13 04:18:27.620,C,77,S,3.64,5.0
2009-02-13 04:18:27.620,A,78,S,3.94,17.0
2009-02-13 04:18:27.690,C,78,S,3.94,17.0
2009-02-13 04:18:27.690,A,79,S,3.64,5.0
2009-02-13 04:18:28.430,C,79,S,3.64,5.0
2009-02-13 04:18:28.430,A,80,S,3.94,17.0
2009-02-13 04:18:28.500,C,80,S,3.94,17.0
2009-02-13 04:18:28.500,A,81,S,3.64,5.0
2009-02-13 04:18:28.890,C,81,S,3.64,5.0
2009-02-13 04:18:28.890,A,82,S,3.94,17.0
2009-02-13 04:18:28.970,C,82,S,3.94,17.0
2009-02-13 04:18:28.970,A,83,S,3.64,5.0
2009-02-13 04:18:30.120,C,83,S,3.64,5.0
2009-02-13 04:18:30.120,A,84,S,3.94,17.0
2009-02-13 04:18:30.200,C,84,S,3.94,17.0
2009-02-13 04:18:30.200,A,85,S,3.64,5.0
2009-02-13 04:18:30.600,C,85,S,3.64,5.0
2009-02-13 04:18:30.600,A,86,S,3.94,17.0
2009-02-13 04:18:30.671,C,86,S,3.94,17.0
2009-02-13 04:18:30.671,A,87,S,3.64,5.0
2009-02-13 04:19:08.328,C,87,S,3.64,5.0
2009-02-13 04:19:08.328,A,88,S,3.94,17.0
2009-02-13 04:19:08.408,C,88,S,3.94,17.0
2009-02-13 04:19:08.408,A,89,S,3.64,5.0
2009-02-13 04:19:14.238,C,89,S,3.64,5.0
2009-02-13 04:19:14.238,A,90,S,3.94,17.0
2009-02-13 04:19:14.308,C,90,S,3.94,17.0
2009-02-13 04:19:14.308,A,91,S,3.64,5.0
2009-02-13 04:19:21.827,C,91,S,3.64,5.0
2009-02-13 04:19:21.827,A,92,S,3.94,17.0
2009-02-13 04:19:21.907,C,92,S,3.94,17.0
2009-02-13 04:19:21.907,A,93,S,3.64,5.0
2009-02-13 04:19:22.657,C,93,S,3.64,5.0
2009-02-13 04:19:22.657,A,94,S,3.94,17.0
2009-02-13 04:19:22.728,C,94,S,3.94,17.0
2009-02-13 04:19:22.728,A,95,S,3.64,5.0
2009-02-13 04:19:31.887,C,95,S,3.64,5.0
2009-02-13 04:19:31.887,A,96,S,3.94,17.0
2009-02-13 04:19:31.957,C,96,S,3.94,17.0
2009-02-13 04:19:31.957,A,97,S,3.64,5.0
2009-02-13 04:19:34.146,C,97,S,3.64,5.0
2009-02-13 04:19:34.146,A,98,S,3.94,17.0
2009-02-13 04:19:34.217,C,98,S,3.94,17.0
2009-02-13 04:19:34.217,A,99,S,3.64,5.0
2009-02-13 04:19:43.346,C,99,S,3.64,5.0
2009-02-13 04:19:43.346,A,100,S,3.94,17.0
2009-02-13 04:19:43.427,C,100,S,3.94,17.0
2009-02-13 04:19:43.427,A,101,S,3.64,5.0
2009-02-13 04:19:53.926,C,101,S,3.64,5.0
2009-02-13 04:19:53.926,A,102,S,3.94,17.0
2009-02-13 04:19:53.996,C,102,S,3.94,17.0
2009-02-13 04:19:53.996,A,103,S,3.64,5.0
2009-02-13 04:19:54.006,C,103,S,3.64,5.0
2009-02-13 04:19:54.006,A,104,S,3.94,17.0
2009-02-13 04:19:54.076,C,104,S,3.94,17.0
2009-02-13 04:19:54.076,A,105,S,3.64,5.0
2009-02-13 04:20:02.125,C,105,S,3.64,5.0
2009-02-13 04:20:02.125,A,106,S,3.94,17.0
2009-02-13 04:20:02.195,C,106,S,3.94,17.0
2009-02-13 04:20:02.195,A,107,S,3.64,5.0
2009-02-13 04:20:04.835,C,107,S,3.64,5.0
2009-02-13 04:20:04.835,A,108,S,3.94,17.0
2009-02-13 04:20:04.905,C,108,S,3.94,17.0
2009-02-13 04:20:04.905,A,109,S,3.64,5.0
2009-02-13 04:20:18.004,C,109,S,3.64,5.0
2009-02-13 04:20:18.004,A,110,S,3.94,17.0
2009-02-13 04:20:18.074,C,110,S,3.94,17.0
2009-02-13 04:20:18.074,A,111,S,3.64,5.0
2009-02-13 04:20:19.154,C,111,S,3.64,5.0
2009-02-13 04:20:19.154,A,112,S,3.94,17.0
2009-02-13 04:20:19.224,C,112,S,3.94,17.0
2009-02-13 04:20:19.224,A,113,S,3.64,5.0
2009-02-13 04:20:19.914,C,113,S,3.64,5.0
2009-02-13 04:20:19.914,A,114,S,3.94,17.0
2009-02-13 04:20:19.984,C,114,S,3.94,17.0
2009-02-13 04:20:19.984,A,115,S,3.64,5.0
2009-02-13 04:20:22.104,C,115,S,3.64,5.0
2009-02-13 04:20:22.104,A,116,S,3.94,17.0
2009-02-13 04:20:22.184,C,116,S,3.94,17.0
2009-02-13 04:20:22.184,A,117,S,3.64,5.0
2009-02-13 04:20:22.874,C,117,S,3.64,5.0
2009-02-13 04:20:22.874,A,118,S,3.94,17.0
2009-02-13 04:20:22.944,C,118,S,3.94,17.0
2009-02-13 04:20:22.944,A,119,S,3.64,5.0
2009-02-13 04:20:24.614,C,119,S,3.64,5.0
2009-02-13 04:20:24.614,A,120,S,3.94,17.0
2009-02-13 04:20:24.684,C,120,S,3.94,17.0
2009-02-13 04:20:24.684,A,121,S,3.64,5.0
2009-02-13 04:20:28.594,C,121,S,3.64,5.0
2009-02-13 04:20:28.594,A,122,S,3.94,17.0
2009-02-13 04:20:28.674,C,122,S,3.94,17.0
2009-02-13 04:20:28.674,A,123,S,3.64,5.0
2009-02-13 04:20:30.614,C,123,S,3.64,5.0
2009-02-13 04:20:30.614,A,124,S,3.94,17.0
2009-02-13 04:20:30.694,C,124,S,3.94,17.0
2009-02-13 04:20:30.694,A,125,S,3.64,5.0
2009-02-13 04:20:33.844,C,125,S,3.64,5.0
2009-02-13 04:20:33.844,A,126,S,3.94,17.0
2009-02-13 04:20:33.924,C,126,S,3.94,17.0
2009-02-13 04:20:33.924,A,127,S,3.64,5.0
2009-02-13 04:20:38.883,C,127,S,3.64,5.0
2009-02-13 04:20:38.883,A,128,S,3.94,17.0
2009-02-13 04:20:38.953,C,128,S,3.94,17.0
2009-02-13 04:20:38.953,A,129,S,3.64,5.0
2009-02-13 04:20:45.103,C,129,S,3.64,5.0
2009-02-13 04:20:45.103,A,130,S,3.94,17.0
2009-02-13 04:20:45.173,C,130,S,3.94,17.0
2009-02-13 04:20:45.173,A,131,S,3.64,5.0
2009-02-13 04:20:45.863,C,131,S,3.64,5.0
2009-02-13 04:20:45.863,A,132,S,3.94,17.0
2009-02-13 04:20:45.933,C,132,S,3.94,17.0
2009-02-13 04:20:45.933,A,133,S,3.64,5.0
2009-02-13 04:20:53.673,C,133,S,3.64,5.0
2009-02-13 04:20:53.673,A,134,S,3.94,17.0
2009-02-13 04:20:53.743,C,134,S,3.94,17.0
2009-02-13 04:20:53.743,A,135,S,3.64,5.0
2009-02-13 04:20:59.360,C,135,S,3.64,5.0
2009-02-13 04:20:59.360,A,136,S,3.94,17.0
2009-02-13 04:20:59.432,C,136,S,3.94,17.0
2009-02-13 04:20:59.432,A,137,S,3.64,5.0
2009-02-13 04:21:00.162,C,137,S,3.64,5.0
2009-02-13 04:21:00.162,A,138,S,3.94,17.0
2009-02-13 04:21:00.232,C,138,S,3.94,17.0
2009-02-13 04:21:00.232,A,139,S,3.64,5.0
2009-02-13 04:21:02.122,C,139,S,3.64,5.0
2009-02-13 04:21:02.122,A,140,S,3.94,17.0
2009-02-13 04:21:02.192,C,140,S,3.94,17.0
2009-02-13 04:21:02.192,A,141,S,3.64,5.0
2009-02-13 04:21:03.690,C,141,S,3.64,5.0
2009-02-13 04:21:03.690,A,142,S,3.94,17.0
2009-02-13 04:21:03.760,C,142,S,3.94,17.0
2009-02-13 04:21:03.760,A,143,S,3.64,5.0
2009-02-13 04:21:06.502,C,65,B,3.55,15.0
2009-02-13 04:21:06.502,A,144,B,3.55,10.0
2009-02-13 04:21:06.502,C,143,S,3.64,5.0
2009-02-13 04:21:06.502,A,145,S,3.65,5.0
2009-02-13 04:21:06.631,C,145,S,3.65,5.0
2009-02-13 04:21:06.631,A,146,S,3.63,5.0
2009-02-13 04:21:14.282,C,146,S,3.63,5.0
2009-02-13 04:21:14.282,A,147,S,3.94,17.0
2009-02-13 04:21:14.352,C,147,S,3.94,17.0
2009-02-13 04:21:14.352,A,148,S,3.63,5.0
2009-02-13 04:21:17.107,C,148,S,3.63,5.0
2009-02-13 04:21:17.107,A,149,S,3.63,10.0
2009-02-13 04:21:46.389,C,149,S,3.63,10.0
2009-02-13 04:21:46.389,A,150,S,3.64,5.0
2009-02-13 04:21:46.529,C,150,S,3.64,5.0
2009-02-13 04:21:46.529,A,151,S,3.94,17.0
2009-02-13 04:21:46.599,C,151,S,3.94,17.0
2009-02-13 04:21:46.599,A,152,S,3.65,5.0
2009-02-13 04:21:57.839,C,152,S,3.65,5.0
2009-02-13 04:21:57.839,A,153,S,3.64,5.0
2009-02-13 04:22:05.099,C,153,S,3.64,5.0
2009-02-13 04:22:05.099,A,154,S,3.94,17.0
2009-02-13 04:22:05.169,C,154,S,3.94,17.0
2009-02-13 04:22:05.169,A,155,S,3.64,5.0
2009-02-13 04:23:03.375,C,144,B,3.55,10.0
2009-02-13 04:23:03.375,A,156,B,3.55,30.0
2009-02-13 04:23:10.965,C,156,B,3.55,30.0
2009-02-13 04:23:10.965,A,157,B,3.56,20.0
2009-02-13 04:23:12.455,C,157,B,3.56,20.0
2009-02-13 04:23:12.455,A,158,B,3.55,10.0
2009-02-13 04:23:12.455,C,155,S,3.64,5.0
2009-02-13 04:23:12.455,A,159,S,3.94,17.0
2009-02-13 04:23:12.525,C,158,B,3.55,10.0
2009-02-13 04:23:12.525,A,160,B,3.55,15.0
2009-02-13 04:23:12.525,C,159,S,3.94,17.0
2009-02-13 04:23:12.525,A,161,S,3.64,5.0
2009-02-13 04:23:12.535,C,160,B,3.55,15.0
2009-02-13 04:23:12.535,A,162,B,3.56,20.0
2009-02-13 04:23:15.683,C,162,B,3.56,20.0
2009-02-13 04:23:15.683,A,163,B,3.55,10.0
2009-02-13 04:23:15.683,C,161,S,3.64,5.0
2009-02-13 04:23:15.683,A,164,S,3.94,17.0
2009-02-13 04:23:15.755,C,163,B,3.55,10.0
2009-02-13 04:23:15.755,A,165,B,3.56,20.0
2009-02-13 04:23:15.755,C,164,S,3.94,17.0
2009-02-13 04:23:15.755,A,166,S,3.64,5.0
2009-02-13 04:23:15.835,C,165,B,3.56,20.0
2009-02-13 04:23:15.835,A,167,B,3.55,10.0
2009-02-13 04:23:15.835,C,166,S,3.64,5.0
2009-02-13 04:23:15.835,A,168,S,3.94,17.0
2009-02-13 04:23:15.905,C,167,B,3.55,10.0
2009-02-13 04:23:15.905,A,169,B,3.56,20.0
2009-02-13 04:23:15.905,C,168,S,3.94,17.0
2009-02-13 04:23:15.905,A,170,S,3.64,5.0
2009-02-13 04:23:21.624,C,170,S,3.64,5.0
2009-02-13 04:23:21.624,A,171,S,3.65,5.0
2009-02-13 04:23:28.994,C,169,B,3.56,20.0
2009-02-13 04:23:28.994,A,172,B,3.55,10.0
2009-02-13 04:23:28.994,C,171,S,3.65,5.0
2009-02-13 04:23:28.994,A,173,S,3.94,17.0
2009-02-13 04:23:29.064,C,172,B,3.55,10.0
2009-02-13 04:23:29.064,A,174,B,3.56,20.0
2009-02-13 04:23:29.064,C,173,S,3.94,17.0
2009-02-13 04:23:29.064,A,175,S,3.65,5.0
2009-02-13 04:23:36.164,C,174,B,3.56,20.0
2009-02-13 04:23:36.164,A,176,B,3.55,10.0
2009-02-13 04:23:36.164,C,175,S,3.65,5.0
2009-02-13 04:23:36.164,A,177,S,3.94,17.0
2009-02-13 04:23:36.234,C,176,B,3.55,10.0
2009-02-13 04:23:36.234,A,178,B,3.56,20.0
2009-02-13 04:23:36.234,C,177,S,3.94,17.0
2009-02-13 04:23:36.234,A,179,S,3.65,5.0
2009-02-13 04:23:37.433,C,178,B,3.56,20.0
2009-02-13 04:23:37.433,A,180,B,3.6,5.0
2009-02-13 04:23:42.624,C,179,S,3.65,5.0
2009-02-13 04:23:42.624,A,181,S,3.94,17.0
2009-02-13 04:23:42.694,C,181,S,3.94,17.0
2009-02-13 04:23:42.694,A,182,S,3.65,5.0
2009-02-13 04:23:46.664,C,182,S,3.65,5.0
2009-02-13 04:23:46.664,A,183,S,3.94,17.0
2009-02-13 04:23:46.734,C,183,S,3.94,17.0
2009-02-13 04:23:46.734,A,184,S,3.65,5.0
2009-02-13 04:23:48.503,C,184,S,3.65,5.0
2009-02-13 04:23:48.503,A,185,S,3.94,17.0
2009-02-13 04:23:48.583,C,185,S,3.94,17.0
2009-02-13 04:23:48.583,A,186,S,3.65,5.0
2009-02-13 04:23:48.613,C,186,S,3.65,5.0
2009-02-13 04:23:48.613,A,187,S,3.94,17.0
2009-02-13 04:23:48.694,C,187,S,3.94,17.0
2009-02-13 04:23:48.694,A,188,S,3.65,5.0
2009-02-13 04:23:52.933,C,188,S,3.65,5.0
2009-02-13 04:23:52.933,A,189,S,3.94,17.0
2009-02-13 04:23:53.003,C,189,S,3.94,17.0
2009-02-13 04:23:53.003,A,190,S,3.65,5.0
2009-02-13 04:24:13.082,C,190,S,3.65,5.0
2009-02-13 04:24:13.082,A,191,S,3.63,5.0
2009-02-13 04:24:18.622,C,191,S,3.63,5.0
2009-02-13 04:24:18.622,A,192,S,3.94,17.0
2009-02-13 04:24:18.692,C,192,S,3.94,17.0
2009-02-13 04:24:18.692,A,193,S,3.64,5.0
2009-02-13 04:24:20.572,C,193,S,3.64,5.0
2009-02-13 04:24:20.572,A,194,S,3.94,17.0
2009-02-13 04:24:20.579,C,194,S,3.94,17.0
2009-02-13 04:24:20.579,A,195,S,3.63,5.0
2009-02-13 04:24:29.711,C,195,S,3.63,5.0
2009-02-13 04:24:29.711,A,196,S,3.94,17.0
2009-02-13 04:24:29.791,C,196,S,3.94,17.0
2009-02-13 04:24:29.791,A,197,S,3.64,5.0
2009-02-13 04:24:48.140,C,197,S,3.64,5.0
2009-02-13 04:24:48.140,A,198,S,3.65,5.0
2009-02-13 04:24:48.220,C,198,S,3.65,5.0
2009-02-13 04:24:48.220,A,199,S,3.64,5.0
2009-02-13 04:24:54.370,C,199,S,3.64,5.0
2009-02-13 04:24:54.370,A,200,S,3.94,17.0
2009-02-13 04:24:54.440,C,200,S,3.94,17.0
2009-02-13 04:24:54.440,A,201,S,3.65,5.0
2009-02-13 04:24:55.020,C,201,S,3.65,5.0
2009-02-13 04:24:55.020,A,202,S,3.94,17.0
2009-02-13 04:24:55.090,C,202,S,3.94,17.0
2009-02-13 04:24:55.090,A,203,S,3.65,5.0
2009-02-13 04:24:55.130,C,203,S,3.65,5.0
2009-02-13 04:24:55.130,A,204,S,3.94,17.0
2009-02-13 04:24:55.210,C,204,S,3.94,17.0
2009-02-13 04:24:55.210,A,205,S,3.65,5.0
2009-02-13 04:24:58.379,C,205,S,3.65,5.0
2009-02-13 04:24:58.379,A,206,S,3.64,5.0
2009-02-13 04:24:59.709,C,206,S,3.64,5.0
2009-02-13 04:24:59.709,A,207,S,3.65,5.0
2009-02-13 04:25:03.139,C,207,S,3.65,5.0
2009-02-13 04:25:03.139,A,208,S,3.64,5.0
2009-02-13 04:25:13.619,C,208,S,3.64,5.0
2009-02-13 04:25:13.619,A,209,S,3.94,17.0
2009-02-13 04:25:13.699,C,209,S,3.94,17.0
2009-02-13 04:25:13.699,A,210,S,3.64,5.0
2009-02-13 04:25:13.879,C,210,S,3.64,5.0
2009-02-13 04:25:13.879,A,211,S,3.94,17.0
2009-02-13 04:25:13.959,C,211,S,3.94,17.0
2009-02-13 04:25:13.959,A,212,S,3.64,5.0
2009-02-13 04:25:16.126,C,212,S,3.64,5.0
2009-02-13 04:25:16.126,A,213,S,3.94,17.0
2009-02-13 04:25:16.199,C,213,S,3.94,17.0
2009-02-13 04:25:16.199,A,214,S,3.64,5.0
2009-02-13 04:25:21.598,C,214,S,3.64,5.0
2009-02-13 04:25:21.598,A,215,S,3.94,17.0
2009-02-13 04:25:21.678,C,215,S,3.94,17.0
2009-02-13 04:25:21.678,A,216,S,3.64,5.0
2009-02-13 04:25:30.618,C,216,S,3.64,5.0
2009-02-13 04:25:30.618,A,217,S,3.94,17.0
2009-02-13 04:25:30.688,C,217,S,3.94,17.0
2009-02-13 04:25:30.688,A,218,S,3.64,5.0
2009-02-13 04:25:33.866,C,218,S,3.64,5.0
2009-02-13 04:25:33.866,A,219,S,3.94,17.0
2009-02-13 04:25:33.937,C,219,S,3.94,17.0
2009-02-13 04:25:33.937,A,220,S,3.64,5.0
2009-02-13 04:25:46.127,C,220,S,3.64,5.0
2009-02-13 04:25:46.127,A,221,S,3.94,17.0
2009-02-13 04:25:46.199,C,221,S,3.94,17.0
2009-02-13 04:25:46.199,A,222,S,3.64,5.0
2009-02-13 04:25:51.517,C,222,S,3.64,5.0
2009-02-13 04:25:51.517,A,223,S,3.94,17.0
2009-02-13 04:25:51.597,C,223,S,3.94,17.0
2009-02-13 04:25:51.597,A,224,S,3.64,5.0
2009-02-13 04:25:58.546,C,224,S,3.64,5.0
2009-02-13 04:25:58.546,A,225,S,3.94,17.0
2009-02-13 04:25:58.627,C,225,S,3.94,17.0
2009-02-13 04:25:58.627,A,226,S,3.64,5.0
2009-02-13 04:26:12.846,C,226,S,3.64,5.0
2009-02-13 04:26:12.846,A,227,S,3.94,17.0
2009-02-13 04:26:12.916,C,227,S,3.94,17.0
2009-02-13 04:26:12.916,A,228,S,3.64,5.0
2009-02-13 04:26:18.895,C,228,S,3.64,5.0
2009-02-13 04:26:18.895,A,229,S,3.94,17.0
2009-02-13 04:26:18.975,C,229,S,3.94,17.0
2009-02-13 04:26:18.975,A,230,S,3.64,5.0
2009-02-13 04:26:28.345,C,230,S,3.64,5.0
2009-02-13 04:26:28.345,A,231,S,3.94,17.0
2009-02-13 04:26:28.415,C,231,S,3.94,17.0
2009-02-13 04:26:28.415,A,232,S,3.64,5.0
2009-02-13 04:26:40.994,C,232,S,3.64,5.0
2009-02-13 04:26:40.994,A,233,S,3.94,17.0
2009-02-13 04:26:41.074,C,233,S,3.94,17.0
2009-02-13 04:26:41.074,A,234,S,3.64,5.0
2009-02-13 04:26:43.234,C,234,S,3.64,5.0
2009-02-13 04:26:43.234,A,235,S,3.94,17.0
2009-02-13 04:26:43.314,C,235,S,3.94,17.0
2009-02-13 04:26:43.314,A,236,S,3.64,5.0
2009-02-13 04:26:43.534,C,236,S,3.64,5.0
2009-02-13 04:26:43.534,A,237,S,3.94,17.0
2009-02-13 04:26:43.604,C,237,S,3.94,17.0
2009-02-13 04:26:43.604,A,238,S,3.64,5.0
2009-02-13 04:28:09.180,C,238,S,3.64,5.0
2009-02-13 04:28:09.180,A,239,S,3.63,5.0
2009-02-13 04:28:25.328,C,239,S,3.63,5.0
2009-02-13 04:28:25.328,A,240,S,3.65,5.0
2009-02-13 04:28:25.349,C,240,S,3.65,5.0
2009-02-13 04:28:25.349,A,241,S,3.94,17.0
2009-02-13 04:28:57.147,C,241,S,3.94,17.0
2009-02-13 04:28:57.147,A,242,S,3.65,5.0
2009-02-13 04:29:42.845,C,242,S,3.65,5.0
2009-02-13 04:29:42.845,A,243,S,3.94,17.0
2009-02-13 04:29:42.925,C,243,S,3.94,17.0
2009-02-13 04:29:42.925,A,244,S,3.65,5.0
2009-02-13 04:29:42.941,C,244,S,3.65,5.0
2009-02-13 04:29:42.941,A,245,S,3.94,17.0
2009-02-13 04:29:43.015,C,245,S,3.94,17.0
2009-02-13 04:29:43.015,A,246,S,3.65,5.0
2009-02-13 04:29:44.124,C,180,B,3.6,5.0
2009-02-13 04:29:44.124,A,247,B,3.61,5.0
2009-02-13 04:29:47.504,C,246,S,3.65,5.0
2009-02-13 04:29:47.504,A,248,S,3.94,17.0
2009-02-13 04:29:47.574,C,248,S,3.94,17.0
2009-02-13 04:29:47.574,A,249,S,3.65,5.0
2009-02-13 04:29:51.624,C,249,S,3.65,5.0
2009-02-13 04:29:51.624,A,250,S,3.94,17.0
2009-02-13 04:29:51.704,C,250,S,3.94,17.0
2009-02-13 04:29:51.704,A,251,S,3.65,5.0
2009-02-13 04:29:51.844,C,251,S,3.65,5.0
2009-02-13 04:29:51.844,A,252,S,3.94,17.0
2009-02-13 04:29:51.914,C,252,S,3.94,17.0
2009-02-13 04:29:51.914,A,253,S,3.65,5.0
2009-02-13 04:29:52.614,C,253,S,3.65,5.0
2009-02-13 04:29:52.614,A,254,S,3.94,17.0
2009-02-13 04:29:52.702,C,254,S,3.94,17.0
2009-02-13 04:29:52.702,A,255,S,3.65,5.0
2009-02-13 04:29:59.084,C,255,S,3.65,5.0
2009-02-13 04:29:59.084,A,256,S,3.94,17.0
2009-02-13 04:29:59.154,C,256,S,3.94,17.0
2009-02-13 04:29:59.154,A,257,S,3.65,5.0
2009-02-13 04:30:12.583,C,257,S,3.65,5.0
2009-02-13 04:30:12.583,A,258,S,3.94,17.0
2009-02-13 04:30:12.663,C,258,S,3.94,17.0
2009-02-13 04:30:12.663,A,259,S,3.65,5.0
2009-02-13 04:30:14.203,C,259,S,3.65,5.0
2009-02-13 04:30:14.203,A,260,S,3.94,17.0
2009-02-13 04:30:14.273,C,260,S,3.94,17.0
2009-02-13 04:30:14.273,A,261,S,3.65,5.0
2009-02-13 04:30:17.493,C,261,S,3.65,5.0
2009-02-13 04:30:17.493,A,262,S,3.94,17.0
2009-02-13 04:30:17.573,C,262,S,3.94,17.0
2009-02-13 04:30:17.573,A,263,S,3.65,5.0
2009-02-13 04:30:19.492,C,263,S,3.65,5.0
2009-02-13 04:30:19.492,A,264,S,3.94,17.0
2009-02-13 04:30:19.573,C,264,S,3.94,17.0
2009-02-13 04:30:19.573,A,265,S,3.65,5.0
2009-02-13 04:30:48.341,C,265,S,3.65,5.0
2009-02-13 04:30:48.341,A,266,S,3.94,17.0
2009-02-13 04:30:48.411,C,266,S,3.94,17.0
2009-02-13 04:30:48.411,A,267,S,3.65,5.0
2009-02-13 04:30:48.621,C,267,S,3.65,5.0
2009-02-13 04:30:48.621,A,268,S,3.94,17.0
2009-02-13 04:30:48.691,C,268,S,3.94,17.0
2009-02-13 04:30:48.691,A,269,S,3.65,5.0
2009-02-13 04:30:51.131,C,269,S,3.65,5.0
2009-02-13 04:30:51.131,A,270,S,3.94,17.0
2009-02-13 04:30:51.201,C,270,S,3.94,17.0
2009-02-13 04:30:51.201,A,271,S,3.65,5.0
2009-02-13 04:30:53.831,C,271,S,3.65,5.0
2009-02-13 04:30:53.831,A,272,S,3.94,17.0
2009-02-13 04:30:53.901,C,272,S,3.94,17.0
2009-02-13 04:30:53.901,A,273,S,3.65,5.0
2009-02-13 04:30:57.840,C,247,B,3.61,5.0
2009-02-13 04:30:57.840,A,274,B,3.57,15.0
2009-02-13 04:30:57.850,C,274,B,3.57,15.0
2009-02-13 04:30:57.850,A,275,B,3.59,5.0
2009-02-13 04:30:58.040,C,275,B,3.59,5.0
2009-02-13 04:30:58.040,A,276,B,3.57,5.0
2009-02-13 04:30:58.200,C,276,B,3.57,5.0
2009-02-13 04:30:58.200,A,277,B,3.56,20.0
2009-02-13 04:31:03.840,C,277,B,3.56,20.0
2009-02-13 04:31:03.840,A,278,B,3.55,15.0
2009-02-13 04:31:03.840,C,273,S,3.65,5.0
2009-02-13 04:31:03.840,A,279,S,3.94,17.0
2009-02-13 04:31:03.920,C,278,B,3.55,15.0
2009-02-13 04:31:03.920,A,280,B,3.56,20.0
2009-02-13 04:31:03.920,C,279,S,3.94,17.0
2009-02-13 04:31:03.920,A,281,S,3.65,5.0
2009-02-13 04:31:04.130,C,280,B,3.56,20.0
2009-02-13 04:31:04.130,A,282,B,3.57,10.0
2009-02-13 04:31:06.429,C,282,B,3.57,10.0
2009-02-13 04:31:06.429,A,283,B,3.57,15.0
2009-02-13 04:31:06.830,C,281,S,3.65,5.0
2009-02-13 04:31:06.830,A,284,S,3.94,17.0
2009-02-13 04:31:06.900,C,284,S,3.94,17.0
2009-02-13 04:31:06.900,A,285,S,3.65,5.0
2009-02-13 04:31:09.620,C,285,S,3.65,5.0
2009-02-13 04:31:09.620,A,286,S,3.94,17.0
2009-02-13 04:31:09.690,C,286,S,3.94,17.0
2009-02-13 04:31:09.690,A,287,S,3.65,5.0
2009-02-13 04:31:10.068,C,287,S,3.65,5.0
2009-02-13 04:31:10.068,A,288,S,3.94,17.0
2009-02-13 04:31:10.130,C,288,S,3.94,17.0
2009-02-13 04:31:10.130,A,289,S,3.65,5.0
2009-02-13 04:31:14.130,C,289,S,3.65,5.0
2009-02-13 04:31:14.130,A,290,S,3.94,17.0
2009-02-13 04:31:14.200,C,290,S,3.94,17.0
2009-02-13 04:31:14.200,A,291,S,3.65,5.0
2009-02-13 04:31:19.429,C,291,S,3.65,5.0
2009-02-13 04:31:19.429,A,292,S,3.94,17.0
2009-02-13 04:31:19.500,C,292,S,3.94,17.0
2009-02-13 04:31:19.500,A,293,S,3.65,5.0
2009-02-13 04:31:39.048,C,293,S,3.65,5.0
2009-02-13 04:31:39.048,A,294,S,3.94,17.0
2009-02-13 04:31:39.118,C,294,S,3.94,17.0
2009-02-13 04:31:39.118,A,295,S,3.65,5.0
2009-02-13 04:31:40.348,C,295,S,3.65,5.0
2009-02-13 04:31:40.348,A,296,S,3.94,17.0
2009-02-13 04:31:40.418,C,296,S,3.94,17.0
2009-02-13 04:31:40.418,A,297,S,3.65,5.0
2009-02-13 04:31:41.486,C,297,S,3.65,5.0
2009-02-13 04:31:41.486,A,298,S,3.94,17.0
2009-02-13 04:31:41.558,C,298,S,3.94,17.0
2009-02-13 04:31:41.558,A,299,S,3.65,5.0
2009-02-13 04:31:41.768,C,299,S,3.65,5.0
2009-02-13 04:31:41.768,A,300,S,3.94,17.0
2009-02-13 04:31:41.838,C,300,S,3.94,17.0
2009-02-13 04:31:41.838,A,301,S,3.65,5.0
2009-02-13 04:31:45.118,C,301,S,3.65,5.0
2009-02-13 04:31:45.118,A,302,S,3.94,17.0
2009-02-13 04:31:45.198,C,302,S,3.94,17.0
2009-02-13 04:31:45.198,A,303,S,3.65,5.0
2009-02-13 04:32:14.357,C,303,S,3.65,5.0
2009-02-13 04:32:14.357,A,304,S,3.94,17.0
2009-02-13 04:32:14.427,C,304,S,3.94,17.0
2009-02-13 04:32:14.427,A,305,S,3.65,5.0
2009-02-13 04:32:20.576,C,305,S,3.65,5.0
2009-02-13 04:32:20.576,A,306,S,3.94,17.0
2009-02-13 04:32:20.646,C,306,S,3.94,17.0
2009-02-13 04:32:20.646,A,307,S,3.65,5.0
2009-02-13 04:32:23.116,C,307,S,3.65,5.0
2009-02-13 04:32:23.116,A,308,S,3.94,17.0
2009-02-13 04:32:23.196,C,308,S,3.94,17.0
2009-02-13 04:32:23.196,A,309,S,3.65,5.0
2009-02-13 04:32:25.636,C,309,S,3.65,5.0
2009-02-13 04:32:25.636,A,310,S,3.94,17.0
2009-02-13 04:32:25.716,C,310,S,3.94,17.0
2009-02-13 04:32:25.716,A,311,S,3.65,5.0
2009-02-13 04:32:44.515,C,311,S,3.65,5.0
2009-02-13 04:32:44.515,A,312,S,3.94,17.0
2009-02-13 04:32:44.585,C,312,S,3.94,17.0
2009-02-13 04:32:44.585,A,313,S,3.65,5.0
2009-02-13 04:32:53.374,C,313,S,3.65,5.0
2009-02-13 04:32:53.374,A,314,S,3.94,17.0
2009-02-13 04:32:53.445,C,314,S,3.94,17.0
2009-02-13 04:32:53.445,A,315,S,3.65,5.0
2009-02-13 04:32:59.494,C,315,S,3.65,5.0
2009-02-13 04:32:59.494,A,316,S,3.94,17.0
2009-02-13 04:32:59.574,C,316,S,3.94,17.0
2009-02-13 04:32:59.574,A,317,S,3.65,5.0
2009-02-13 04:33:03.504,C,317,S,3.65,5.0
2009-02-13 04:33:03.504,A,318,S,3.94,17.0
2009-02-13 04:33:03.584,C,318,S,3.94,17.0
2009-02-13 04:33:03.584,A,319,S,3.65,5.0
2009-02-13 04:33:12.873,C,319,S,3.65,5.0
2009-02-13 04:33:12.873,A,320,S,3.94,17.0
2009-02-13 04:33:12.943,C,320,S,3.94,17.0
2009-02-13 04:33:12.943,A,321,S,3.65,5.0
2009-02-13 04:33:23.133,C,321,S,3.65,5.0
2009-02-13 04:33:23.133,A,322,S,3.94,17.0
2009-02-13 04:33:23.203,C,322,S,3.94,17.0
2009-02-13 04:33:23.203,A,323,S,3.65,5.0
2009-02-13 04:33:28.123,C,323,S,3.65,5.0
2009-02-13 04:33:28.123,A,324,S,3.94,17.0
2009-02-13 04:33:28.193,C,324,S,3.94,17.0
2009-02-13 04:33:28.193,A,325,S,3.65,5.0
2009-02-13 04:33:39.012,C,325,S,3.65,5.0
2009-02-13 04:33:39.012,A,326,S,3.94,17.0
2009-02-13 04:33:39.082,C,326,S,3.94,17.0
2009-02-13 04:33:39.082,A,327,S,3.65,5.0
2009-02-13 04:33:39.342,C,327,S,3.65,5.0
2009-02-13 04:33:39.342,A,328,S,3.94,17.0
2009-02-13 04:33:39.412,C,328,S,3.94,17.0
2009-02-13 04:33:39.412,A,329,S,3.65,5.0
2009-02-13 04:33:39.922,C,329,S,3.65,5.0
2009-02-13 04:33:39.922,A,330,S,3.94,17.0
2009-02-13 04:33:39.992,C,330,S,3.94,17.0
2009-02-13 04:33:39.992,A,331,S,3.65,5.0
2009-02-13 04:33:40.642,C,331,S,3.65,5.0
2009-02-13 04:33:40.642,A,332,S,3.94,17.0
2009-02-13 04:33:40.712,C,332,S,3.94,17.0
2009-02-13 04:33:40.712,A,333,S,3.65,5.0
2009-02-13 04:34:06.721,C,333,S,3.65,5.0
2009-02-13 04:34:06.721,A,334,S,3.94,17.0
2009-02-13 04:34:06.801,C,334,S,3.94,17.0
2009-02-13 04:34:06.801,A,335,S,3.65,5.0
2009-02-13 04:34:07.870,C,335,S,3.65,5.0
2009-02-13 04:34:07.870,A,336,S,3.94,17.0
2009-02-13 04:34:07.941,C,336,S,3.94,17.0
2009-02-13 04:34:07.941,A,337,S,3.65,5.0
2009-02-13 04:34:08.791,C,337,S,3.65,5.0
2009-02-13 04:34:08.791,A,338,S,3.94,17.0
2009-02-13 04:34:08.860,C,338,S,3.94,17.0
2009-02-13 04:34:08.860,A,339,S,3.65,5.0
2009-02-13 04:34:09.610,C,339,S,3.65,5.0
2009-02-13 04:34:09.610,A,340,S,3.94,17.0
2009-02-13 04:34:09.680,C,340,S,3.94,17.0
2009-02-13 04:34:09.680,A,341,S,3.65,5.0
2009-02-13 04:34:09.841,C,341,S,3.65,5.0
2009-02-13 04:34:09.841,A,342,S,3.94,17.0
2009-02-13 04:34:09.910,C,342,S,3.94,17.0
2009-02-13 04:34:09.910,A,343,S,3.65,5.0
2009-02-13 04:34:10.950,C,343,S,3.65,5.0
2009-02-13 04:34:10.950,A,344,S,3.65,9.0
2009-02-13 04:35:11.897,C,344,S,3.65,9.0
2009-02-13 04:35:11.897,A,345,S,3.65,4.0
2009-02-13 04:35:11.967,C,345,S,3.65,4.0
2009-02-13 04:35:11.967,A,346,S,3.65,9.0
2009-02-13 04:35:18.326,C,346,S,3.65,9.0
2009-02-13 04:35:18.326,A,347,S,3.64,20.0
2009-02-13 04:35:41.136,C,347,S,3.64,20.0
2009-02-13 04:35:41.136,A,348,S,3.65,4.0
2009-02-13 04:35:41.206,C,348,S,3.65,4.0
2009-02-13 04:35:41.206,A,349,S,3.64,20.0
2009-02-13 04:36:22.213,C,283,B,3.57,15.0
2009-02-13 04:36:22.213,A,350,B,3.57,10.0
2009-02-13 04:36:22.213,C,349,S,3.64,20.0
2009-02-13 04:36:22.213,A,351,S,3.64,3.0
2009-02-13 04:36:22.283,C,351,S,3.64,3.0
2009-02-13 04:36:22.283,A,352,S,3.64,5.0
2009-02-13 04:36:22.323,C,352,S,3.64,5.0
2009-02-13 04:36:22.323,A,353,S,3.65,9.0
2009-02-13 04:36:29.402,C,350,B,3.57,10.0
2009-02-13 04:36:29.402,A,354,B,3.56,20.0
2009-02-13 04:36:34.012,C,353,S,3.65,9.0
2009-02-13 04:36:34.012,A,355,S,3.64,5.0
2009-02-13 04:36:57.741,C,355,S,3.64,5.0
2009-02-13 04:36:57.741,A,356,S,3.64,11.0
2009-02-13 04:37:20.360,C,354,B,3.56,20.0
2009-02-13 04:37:20.360,A,357,B,3.52,20.0
2009-02-13 04:37:20.360,C,356,S,3.64,11.0
2009-02-13 04:37:20.360,A,358,S,3.64,6.0
2009-02-13 04:37:20.410,C,357,B,3.52,20.0
2009-02-13 04:37:20.410,A,359,B,3.55,15.0
2009-02-13 04:37:20.440,C,359,B,3.55,15.0
2009-02-13 04:37:20.440,A,360,B,3.56,20.0
2009-02-13 04:37:20.440,C,358,S,3.64,6.0
2009-02-13 04:37:20.440,A,361,S,3.64,11.0
2009-02-13 04:37:41.010,C,360,B,3.56,20.0
2009-02-13 04:37:41.010,A,362,B,3.52,20.0
2009-02-13 04:37:41.010,C,361,S,3.64,11.0
2009-02-13 04:37:41.010,A,363,S,3.64,6.0
2009-02-13 04:37:41.089,C,362,B,3.52,20.0
2009-02-13 04:37:41.089,A,364,B,3.56,20.0
2009-02-13 04:37:41.089,C,363,S,3.64,6.0
2009-02-13 04:37:41.089,A,365,S,3.64,11.0
2009-02-13 04:37:47.109,C,364,B,3.56,20.0
2009-02-13 04:37:47.109,A,366,B,3.52,20.0
2009-02-13 04:37:47.109,C,365,S,3.64,11.0
2009-02-13 04:37:47.109,A,367,S,3.64,6.0
2009-02-13 04:37:47.179,C,366,B,3.52,20.0
2009-02-13 04:37:47.179,A,368,B,3.56,20.0
2009-02-13 04:37:47.179,C,367,S,3.64,6.0
2009-02-13 04:37:47.179,A,369,S,3.64,11.0
2009-02-13 04:37:48.339,C,368,B,3.56,20.0
2009-02-13 04:37:48.339,A,370,B,3.52,20.0
2009-02-13 04:37:48.339,C,369,S,3.64,11.0
2009-02-13 04:37:48.339,A,371,S,3.64,6.0
2009-02-13 04:37:48.409,C,370,B,3.52,20.0
2009-02-13 04:37:48.409,A,372,B,3.56,20.0
2009-02-13 04:37:48.409,C,371,S,3.64,6.0
2009-02-13 04:37:48.409,A,373,S,3.64,11.0
2009-02-13 04:37:48.649,C,372,B,3.56,20.0
2009-02-13 04:37:48.649,A,374,B,3.52,20.0
2009-02-13 04:37:48.649,C,373,S,3.64,11.0
2009-02-13 04:37:48.649,A,375,S,3.64,6.0
2009-02-13 04:37:48.719,C,374,B,3.52,20.0
2009-02-13 04:37:48.719,A,376,B,3.56,20.0
2009-02-13 04:37:48.719,C,375,S,3.64,6.0
2009-02-13 04:37:48.719,A,377,S,3.64,11.0
2009-02-13 04:38:09.828,C,376,B,3.56,20.0
2009-02-13 04:38:09.828,A,378,B,3.52,20.0
2009-02-13 04:38:09.828,C,377,S,3.64,11.0
2009-02-13 04:38:09.828,A,379,S,3.64,6.0
2009-02-13 04:38:09.898,C,378,B,3.52,20.0
2009-02-13 04:38:09.898,A,380,B,3.55,5.0
2009-02-13 04:38:09.908,C,380,B,3.55,5.0
2009-02-13 04:38:09.908,A,381,B,3.56,20.0
2009-02-13 04:38:09.908,C,379,S,3.64,6.0
2009-02-13 04:38:09.908,A,382,S,3.64,11.0
2009-02-13 04:38:35.616,C,381,B,3.56,20.0
2009-02-13 04:38:35.616,A,383,B,3.52,20.0
2009-02-13 04:38:35.616,C,382,S,3.64,11.0
2009-02-13 04:38:35.616,A,384,S,3.64,6.0
2009-02-13 04:38:35.696,C,383,B,3.52,20.0
2009-02-13 04:38:35.696,A,385,B,3.56,20.0
2009-02-13 04:38:35.696,C,384,S,3.64,6.0
2009-02-13 04:38:35.696,A,386,S,3.64,11.0
2009-02-13 04:38:35.996,C,385,B,3.56,20.0
2009-02-13 04:38:35.996,A,387,B,3.52,20.0
2009-02-13 04:38:35.996,C,386,S,3.64,11.0
2009-02-13 04:38:35.996,A,388,S,3.64,6.0
2009-02-13 04:38:36.006,C,387,B,3.52,20.0
2009-02-13 04:38:36.006,A,389,B,3.55,15.0
2009-02-13 04:38:36.076,C,389,B,3.55,15.0
2009-02-13 04:38:36.076,A,390,B,3.56,20.0
2009-02-13 04:38:36.076,C,388,S,3.64,6.0
2009-02-13 04:38:36.076,A,391,S,3.64,11.0
2009-02-13 04:38:37.106,C,390,B,3.56,20.0
2009-02-13 04:38:37.106,A,392,B,3.52,20.0
2009-02-13 04:38:37.106,C,391,S,3.64,11.0
2009-02-13 04:38:37.106,A,393,S,3.64,6.0
2009-02-13 04:38:37.186,C,392,B,3.52,20.0
2009-02-13 04:38:37.186,A,394,B,3.56,20.0
2009-02-13 04:38:37.186,C,393,S,3.64,6.0
2009-02-13 04:38:37.186,A,395,S,3.64,11.0
2009-02-13 04:38:38.276,C,394,B,3.56,20.0
2009-02-13 04:38:38.276,A,396,B,3.52,20.0
2009-02-13 04:38:38.276,C,395,S,3.64,11.0
2009-02-13 04:38:38.276,A,397,S,3.64,6.0
2009-02-13 04:38:38.346,C,396,B,3.52,20.0
2009-02-13 04:38:38.346,A,398,B,3.56,20.0
2009-02-13 04:38:38.346,C,397,S,3.64,6.0
2009-02-13 04:38:38.346,A,399,S,3.64,11.0
2009-02-13 04:38:40.856,C,398,B,3.56,20.0
2009-02-13 04:38:40.856,A,400,B,3.52,20.0
2009-02-13 04:38:40.856,C,399,S,3.64,11.0
2009-02-13 04:38:40.856,A,401,S,3.64,6.0
2009-02-13 04:38:40.936,C,400,B,3.52,20.0
2009-02-13 04:38:40.936,A,402,B,3.56,20.0
2009-02-13 04:38:40.936,C,401,S,3.64,6.0
2009-02-13 04:38:40.936,A,403,S,3.64,11.0
2009-02-13 04:38:41.946,C,402,B,3.56,20.0
2009-02-13 04:38:41.946,A,404,B,3.52,20.0
2009-02-13 04:38:41.946,C,403,S,3.64,11.0
2009-02-13 04:38:41.946,A,405,S,3.64,6.0
2009-02-13 04:38:42.026,C,404,B,3.52,20.0
2009-02-13 04:38:42.026,A,406,B,3.56,20.0
2009-02-13 04:38:42.026,C,405,S,3.64,6.0
2009-02-13 04:38:42.026,A,407,S,3.64,11.0
2009-02-13 04:38:43.956,C,406,B,3.56,20.0
2009-02-13 04:38:43.956,A,408,B,3.52,20.0
2009-02-13 04:38:43.956,C,407,S,3.64,11.0
2009-02-13 04:38:43.956,A,409,S,3.64,6.0
2009-02-13 04:38:44.026,C,408,B,3.52,20.0
2009-02-13 04:38:44.026,A,410,B,3.56,20.0
2009-02-13 04:38:44.026,C,409,S,3.64,6.0
2009-02-13 04:38:44.026,A,411,S,3.64,11.0
2009-02-13 04:38:44.126,C,410,B,3.56,20.0
2009-02-13 04:38:44.126,A,412,B,3.52,20.0
2009-02-13 04:38:44.126,C,411,S,3.64,11.0
2009-02-13 04:38:44.126,A,413,S,3.64,6.0
2009-02-13 04:38:44.206,C,412,B,3.52,20.0
2009-02-13 04:38:44.206,A,414,B,3.56,20.0
2009-02-13 04:38:44.206,C,413,S,3.64,6.0
2009-02-13 04:38:44.206,A,415,S,3.64,11.0
2009-02-13 04:38:45.995,C,414,B,3.56,20.0
2009-02-13 04:38:45.995,A,416,B,3.55,15.0
2009-02-13 04:38:45.995,C,415,S,3.64,11.0
2009-02-13 04:38:45.995,A,417,S,3.64,6.0
2009-02-13 04:38:46.006,C,416,B,3.55,15.0
2009-02-13 04:38:46.006,A,418,B,3.52,20.0
2009-02-13 04:38:46.076,C,418,B,3.52,20.0
2009-02-13 04:38:46.076,A,419,B,3.56,20.0
2009-02-13 04:38:46.076,C,417,S,3.64,6.0
2009-02-13 04:38:46.076,A,420,S,3.64,11.0
2009-02-13 04:38:46.616,C,419,B,3.56,20.0
2009-02-13 04:38:46.616,A,421,B,3.52,20.0
2009-02-13 04:38:46.616,C,420,S,3.64,11.0
2009-02-13 04:38:46.616,A,422,S,3.64,6.0
2009-02-13 04:38:46.685,C,421,B,3.52,20.0
2009-02-13 04:38:46.685,A,423,B,3.56,20.0
2009-02-13 04:38:46.685,C,422,S,3.64,6.0
2009-02-13 04:38:46.685,A,424,S,3.64,11.0
2009-02-13 04:38:47.756,C,423,B,3.56,20.0
2009-02-13 04:38:47.756,A,425,B,3.52,20.0
2009-02-13 04:38:47.756,C,424,S,3.64,11.0
2009-02-13 04:38:47.756,A,426,S,3.64,6.0
2009-02-13 04:38:47.826,C,425,B,3.52,20.0
2009-02-13 04:38:47.826,A,427,B,3.56,20.0
2009-02-13 04:38:47.826,C,426,S,3.64,6.0
2009-02-13 04:38:47.826,A,428,S,3.64,11.0
2009-02-13 04:38:55.625,C,427,B,3.56,20.0
2009-02-13 04:38:55.625,A,429,B,3.52,20.0
2009-02-13 04:38:55.625,C,428,S,3.64,11.0
2009-02-13 04:38:55.625,A,430,S,3.64,6.0
2009-02-13 04:38:55.695,C,429,B,3.52,20.0
2009-02-13 04:38:55.695,A,431,B,3.56,20.0
2009-02-13 04:38:55.695,C,430,S,3.64,6.0
2009-02-13 04:38:55.695,A,432,S,3.64,11.0
2009-02-13 04:38:55.835,C,431,B,3.56,20.0
2009-02-13 04:38:55.835,A,433,B,3.52,20.0
2009-02-13 04:38:55.835,C,432,S,3.64,11.0
2009-02-13 04:38:55.835,A,434,S,3.64,6.0
2009-02-13 04:38:55.905,C,433,B,3.52,20.0
2009-02-13 04:38:55.905,A,435,B,3.56,20.0
2009-02-13 04:38:55.905,C,434,S,3.64,6.0
2009-02-13 04:38:55.905,A,436,S,3.64,11.0
2009-02-13 04:39:00.345,C,435,B,3.56,20.0
2009-02-13 04:39:00.345,A,437,B,3.52,20.0
2009-02-13 04:39:00.345,C,436,S,3.64,11.0
2009-02-13 04:39:00.345,A,438,S,3.64,6.0
2009-02-13 04:39:00.415,C,437,B,3.52,20.0
2009-02-13 04:39:00.415,A,439,B,3.56,20.0
2009-02-13 04:39:00.415,C,438,S,3.64,6.0
2009-02-13 04:39:00.415,A,440,S,3.64,11.0
2009-02-13 04:39:31.014,C,439,B,3.56,20.0
2009-02-13 04:39:31.014,A,441,B,3.52,20.0
2009-02-13 04:39:31.014,C,440,S,3.64,11.0
2009-02-13 04:39:31.014,A,442,S,3.64,6.0
2009-02-13 04:39:31.083,C,441,B,3.52,20.0
2009-02-13 04:39:31.083,A,443,B,3.56,20.0
2009-02-13 04:39:31.083,C,442,S,3.64,6.0
2009-02-13 04:39:31.083,A,444,S,3.64,11.0
2009-02-13 04:39:34.883,C,443,B,3.56,20.0
2009-02-13 04:39:34.883,A,445,B,3.52,20.0
2009-02-13 04:39:34.883,C,444,S,3.64,11.0
2009-02-13 04:39:34.883,A,446,S,3.64,6.0
2009-02-13 04:39:34.953,C,445,B,3.52,20.0
2009-02-13 04:39:34.953,A,447,B,3.56,20.0
2009-02-13 04:39:34.953,C,446,S,3.64,6.0
2009-02-13 04:39:34.953,A,448,S,3.64,11.0
2009-02-13 04:39:55.652,C,447,B,3.56,20.0
2009-02-13 04:39:55.652,A,449,B,3.52,20.0
2009-02-13 04:39:55.652,C,448,S,3.64,11.0
2009-02-13 04:39:55.652,A,450,S,3.64,6.0
2009-02-13 04:39:55.722,C,449,B,3.52,20.0
2009-02-13 04:39:55.722,A,451,B,3.55,20.0
2009-02-13 04:39:55.722,C,450,S,3.64,6.0
2009-02-13 04:39:55.722,A,452,S,3.64,11.0
2009-02-13 04:39:55.732,C,451,B,3.55,20.0
2009-02-13 04:39:55.732,A,453,B,3.56,20.0
2009-02-13 04:40:00.502,C,453,B,3.56,20.0
2009-02-13 04:40:00.502,A,454,B,3.52,20.0
2009-02-13 04:40:00.502,C,452,S,3.64,11.0
2009-02-13 04:40:00.502,A,455,S,3.64,6.0
2009-02-13 04:40:00.572,C,454,B,3.52,20.0
2009-02-13 04:40:00.572,A,456,B,3.56,20.0
2009-02-13 04:40:00.572,C,455,S,3.64,6.0
2009-02-13 04:40:00.572,A,457,S,3.64,11.0
2009-02-13 04:40:01.509,C,456,B,3.56,20.0
2009-02-13 04:40:01.509,A,458,B,3.52,20.0
2009-02-13 04:40:01.509,C,457,S,3.64,11.0
2009-02-13 04:40:01.509,A,459,S,3.64,6.0
2009-02-13 04:40:01.582,C,458,B,3.52,20.0
2009-02-13 04:40:01.582,A,460,B,3.56,20.0
2009-02-13 04:40:01.582,C,459,S,3.64,6.0
2009-02-13 04:40:01.582,A,461,S,3.64,11.0
2009-02-13 04:40:06.832,C,460,B,3.56,20.0
2009-02-13 04:40:06.832,A,462,B,3.52,20.0
2009-02-13 04:40:06.832,C,461,S,3.64,11.0
2009-02-13 04:40:06.832,A,463,S,3.64,6.0
2009-02-13 04:40:06.902,C,462,B,3.52,20.0
2009-02-13 04:40:06.902,A,464,B,3.56,20.0
2009-02-13 04:40:06.902,C,463,S,3.64,6.0
2009-02-13 04:40:06.902,A,465,S,3.64,11.0
2009-02-13 04:40:17.861,C,464,B,3.56,20.0
2009-02-13 04:40:17.861,A,466,B,3.52,20.0
2009-02-13 04:40:17.861,C,465,S,3.64,11.0
2009-02-13 04:40:17.861,A,467,S,3.64,6.0
2009-02-13 04:40:17.930,C,466,B,3.52,20.0
2009-02-13 04:40:17.930,A,468,B,3.56,20.0
2009-02-13 04:40:17.930,C,467,S,3.64,6.0
2009-02-13 04:40:17.930,A,469,S,3.64,11.0
2009-02-13 04:40:27.111,C,468,B,3.56,20.0
2009-02-13 04:40:27.111,A,470,B,3.52,20.0
2009-02-13 04:40:27.111,C,469,S,3.64,11.0
2009-02-13 04:40:27.111,A,471,S,3.64,6.0
2009-02-13 04:40:27.180,C,470,B,3.52,20.0
2009-02-13 04:40:27.180,A,472,B,3.56,20.0
2009-02-13 04:40:27.180,C,471,S,3.64,6.0
2009-02-13 04:40:27.180,A,473,S,3.64,11.0
2009-02-13 04:40:33.520,C,472,B,3.56,20.0
2009-02-13 04:40:33.520,A,474,B,3.52,20.0
2009-02-13 04:40:33.520,C,473,S,3.64,11.0
2009-02-13 04:40:33.520,A,475,S,3.64,6.0
2009-02-13 04:40:33.590,C,474,B,3.52,20.0
2009-02-13 04:40:33.590,A,476,B,3.56,20.0
2009-02-13 04:40:33.590,C,475,S,3.64,6.0
2009-02-13 04:40:33.590,A,477,S,3.64,11.0
2009-02-13 04:40:33.990,C,477,S,3.64,11.0
2009-02-13 04:40:33.990,A,478,S,3.64,8.0
2009-02-13 04:40:36.300,C,476,B,3.56,20.0
2009-02-13 04:40:36.300,A,479,B,3.52,20.0
2009-02-13 04:40:36.300,C,478,S,3.64,8.0
2009-02-13 04:40:36.300,A,480,S,3.64,3.0
2009-02-13 04:40:36.370,C,479,B,3.52,20.0
2009-02-13 04:40:36.370,A,481,B,3.56,20.0
2009-02-13 04:40:36.370,C,480,S,3.64,3.0
2009-02-13 04:40:36.370,A,482,S,3.64,8.0
2009-02-13 04:40:37.030,C,481,B,3.56,20.0
2009-02-13 04:40:37.030,A,483,B,3.52,20.0
2009-02-13 04:40:37.030,C,482,S,3.64,8.0
2009-02-13 04:40:37.030,A,484,S,3.64,3.0
2009-02-13 04:40:37.099,C,483,B,3.52,20.0
2009-02-13 04:40:37.099,A,485,B,3.56,20.0
2009-02-13 04:40:37.099,C,484,S,3.64,3.0
2009-02-13 04:40:37.099,A,486,S,3.64,8.0
2009-02-13 04:40:42.887,C,485,B,3.56,20.0
2009-02-13 04:40:42.887,A,487,B,3.52,20.0
2009-02-13 04:40:42.887,C,486,S,3.64,8.0
2009-02-13 04:40:42.887,A,488,S,3.64,3.0
2009-02-13 04:40:42.950,C,487,B,3.52,20.0
2009-02-13 04:40:42.950,A,489,B,3.56,20.0
2009-02-13 04:40:42.950,C,488,S,3.64,3.0
2009-02-13 04:40:42.950,A,490,S,3.64,8.0
2009-02-13 04:40:45.479,C,489,B,3.56,20.0
2009-02-13 04:40:45.479,A,491,B,3.57,3.0
2009-02-13 04:40:46.150,C,490,S,3.64,8.0
2009-02-13 04:40:46.150,A,492,S,3.64,3.0
2009-02-13 04:40:46.220,C,492,S,3.64,3.0
2009-02-13 04:40:46.220,A,493,S,3.64,8.0
2009-02-13 04:40:52.859,C,493,S,3.64,8.0
2009-02-13 04:40:52.859,A,494,S,3.64,3.0
2009-02-13 04:40:52.929,C,494,S,3.64,3.0
2009-02-13 04:40:52.929,A,495,S,3.64,8.0
2009-02-13 04:41:04.119,C,495,S,3.64,8.0
2009-02-13 04:41:04.119,A,496,S,3.64,3.0
2009-02-13 04:41:04.198,C,496,S,3.64,3.0
2009-02-13 04:41:04.198,A,497,S,3.64,8.0
2009-02-13 04:41:12.388,C,497,S,3.64,8.0
2009-02-13 04:41:12.388,A,498,S,3.64,3.0
2009-02-13 04:41:12.458,C,498,S,3.64,3.0
2009-02-13 04:41:12.458,A,499,S,3.64,8.0
2009-02-13 04:41:22.838,C,499,S,3.64,8.0
2009-02-13 04:41:22.838,A,500,S,3.64,3.0
2009-02-13 04:41:22.917,C,500,S,3.64,3.0
2009-02-13 04:41:22.917,A,501,S,3.64,8.0
2009-02-13 04:41:29.567,C,501,S,3.64,8.0
2009-02-13 04:41:29.567,A,502,S,3.64,3.0
2009-02-13 04:41:29.645,C,502,S,3.64,3.0
2009-02-13 04:41:29.645,A,503,S,3.64,8.0
2009-02-13 04:41:38.017,C,503,S,3.64,8.0
2009-02-13 04:41:38.017,A,504,S,3.64,3.0
2009-02-13 04:41:38.096,C,504,S,3.64,3.0
2009-02-13 04:41:38.096,A,505,S,3.64,8.0
2009-02-13 04:42:00.836,C,505,S,3.64,8.0
2009-02-13 04:42:00.836,A,506,S,3.64,3.0
2009-02-13 04:42:00.915,C,506,S,3.64,3.0
2009-02-13 04:42:00.915,A,507,S,3.64,8.0
2009-02-13 04:42:08.665,C,507,S,3.64,8.0
2009-02-13 04:42:08.665,A,508,S,3.64,3.0
2009-02-13 04:42:08.735,C,508,S,3.64,3.0
2009-02-13 04:42:08.735,A,509,S,3.64,8.0
2009-02-13 04:42:13.744,C,491,B,3.57,3.0
2009-02-13 04:42:13.744,A,510,B,3.6,10.0
2009-02-13 04:42:13.744,C,509,S,3.64,8.0
2009-02-13 04:42:13.744,A,511,S,3.64,3.0
2009-02-13 04:42:19.324,C,510,B,3.6,10.0
2009-02-13 04:42:19.324,A,512,B,3.57,3.0
2009-02-13 04:42:19.404,C,512,B,3.57,3.0
2009-02-13 04:42:19.404,A,513,B,3.6,10.0
2009-02-13 04:42:23.635,C,513,B,3.6,10.0
2009-02-13 04:42:23.635,A,514,B,3.57,3.0
2009-02-13 04:42:23.714,C,514,B,3.57,3.0
2009-02-13 04:42:23.714,A,515,B,3.6,10.0
2009-02-13 04:42:28.774,C,515,B,3.6,10.0
2009-02-13 04:42:28.774,A,516,B,3.57,3.0
2009-02-13 04:42:28.854,C,516,B,3.57,3.0
2009-02-13 04:42:28.854,A,517,B,3.6,10.0
2009-02-13 04:42:33.083,C,517,B,3.6,10.0
2009-02-13 04:42:33.083,A,518,B,3.61,5.0
2009-02-13 04:42:40.603,C,518,B,3.61,5.0
2009-02-13 04:42:40.603,A,519,B,3.57,3.0
2009-02-13 04:42:40.673,C,519,B,3.57,3.0
2009-02-13 04:42:40.673,A,520,B,3.59,5.0
2009-02-13 04:42:42.513,C,520,B,3.59,5.0
2009-02-13 04:42:42.513,A,521,B,3.57,3.0
2009-02-13 04:42:42.594,C,521,B,3.57,3.0
2009-02-13 04:42:42.594,A,522,B,3.59,5.0
2009-02-13 04:42:45.373,C,522,B,3.59,5.0
2009-02-13 04:42:45.373,A,523,B,3.57,3.0
2009-02-13 04:42:45.442,C,523,B,3.57,3.0
2009-02-13 04:42:45.442,A,524,B,3.57,8.0
2009-02-13 04:42:47.263,C,524,B,3.57,8.0
2009-02-13 04:42:47.263,A,525,B,3.57,3.0
2009-02-13 04:42:47.334,C,525,B,3.57,3.0
2009-02-13 04:42:47.334,A,526,B,3.57,8.0
2009-02-13 04:42:48.123,C,526,B,3.57,8.0
2009-02-13 04:42:48.123,A,527,B,3.57,3.0
2009-02-13 04:42:48.203,C,527,B,3.57,3.0
2009-02-13 04:42:48.203,A,528,B,3.57,8.0
2009-02-13 04:42:54.613,C,528,B,3.57,8.0
2009-02-13 04:42:54.613,A,529,B,3.57,3.0
2009-02-13 04:42:54.683,C,529,B,3.57,3.0
2009-02-13 04:42:54.683,A,530,B,3.57,8.0
2009-02-13 04:42:56.983,C,530,B,3.57,8.0
2009-02-13 04:42:56.983,A,531,B,3.57,3.0
2009-02-13 04:42:57.053,C,531,B,3.57,3.0
2009-02-13 04:42:57.053,A,532,B,3.57,8.0
2009-02-13 04:42:57.782,C,532,B,3.57,8.0
2009-02-13 04:42:57.782,A,533,B,3.57,3.0
2009-02-13 04:42:57.852,C,533,B,3.57,3.0
2009-02-13 04:42:57.852,A,534,B,3.57,8.0
2009-02-13 04:43:08.782,C,534,B,3.57,8.0
2009-02-13 04:43:08.782,A,535,B,3.57,3.0
2009-02-13 04:43:08.852,C,535,B,3.57,3.0
2009-02-13 04:43:08.852,A,536,B,3.57,8.0
2009-02-13 04:43:21.331,C,536,B,3.57,8.0
2009-02-13 04:43:21.331,A,537,B,3.57,3.0
2009-02-13 04:43:21.401,C,537,B,3.57,3.0
2009-02-13 04:43:21.401,A,538,B,3.57,8.0
2009-02-13 04:43:57.119,C,538,B,3.57,8.0
2009-02-13 04:43:57.119,A,539,B,3.57,3.0
2009-02-13 04:43:57.199,C,539,B,3.57,3.0
2009-02-13 04:43:57.199,A,540,B,3.57,8.0
2009-02-13 04:44:09.529,C,540,B,3.57,8.0
2009-02-13 04:44:09.529,A,541,B,3.57,3.0
2009-02-13 04:44:09.609,C,541,B,3.57,3.0
2009-02-13 04:44:09.609,A,542,B,3.57,8.0
2009-02-13 04:44:11.496,C,542,B,3.57,8.0
2009-02-13 04:44:11.496,A,543,B,3.57,3.0
2009-02-13 04:44:11.569,C,543,B,3.57,3.0
2009-02-13 04:44:11.569,A,544,B,3.57,8.0
2009-02-13 04:44:14.118,C,544,B,3.57,8.0
2009-02-13 04:44:14.118,A,545,B,3.57,3.0
2009-02-13 04:44:14.206,C,545,B,3.57,3.0
2009-02-13 04:44:14.206,A,546,B,3.57,8.0
2009-02-13 04:44:22.828,C,546,B,3.57,8.0
2009-02-13 04:44:22.828,A,547,B,3.57,3.0
2009-02-13 04:44:22.937,C,547,B,3.57,3.0
2009-02-13 04:44:22.937,A,548,B,3.57,8.0
2009-02-13 04:44:24.288,C,548,B,3.57,8.0
2009-02-13 04:44:24.288,A,549,B,3.57,3.0
2009-02-13 04:44:24.358,C,549,B,3.57,3.0
2009-02-13 04:44:24.358,A,550,B,3.57,8.0
2009-02-13 04:45:08.625,C,550,B,3.57,8.0
2009-02-13 04:45:08.625,A,551,B,3.57,3.0
2009-02-13 04:45:08.705,C,551,B,3.57,3.0
2009-02-13 04:45:08.705,A,552,B,3.57,8.0
2009-02-13 04:45:18.115,C,552,B,3.57,8.0
2009-02-13 04:45:18.115,A,553,B,3.57,3.0
2009-02-13 04:45:18.195,C,553,B,3.57,3.0
2009-02-13 04:45:18.195,A,554,B,3.57,8.0
2009-02-13 04:45:47.933,C,554,B,3.57,8.0
2009-02-13 04:45:47.933,A,555,B,3.57,3.0
2009-02-13 04:45:48.003,C,555,B,3.57,3.0
2009-02-13 04:45:48.003,A,556,B,3.57,8.0
2009-02-13 04:46:01.363,C,556,B,3.57,8.0
2009-02-13 04:46:01.363,A,557,B,3.57,3.0
2009-02-13 04:46:01.433,C,557,B,3.57,3.0
2009-02-13 04:46:01.433,A,558,B,3.57,8.0
2009-02-13 04:46:52.020,C,558,B,3.57,8.0
2009-02-13 04:46:52.020,A,559,B,3.57,3.0
2009-02-13 04:46:52.090,C,559,B,3.57,3.0
2009-02-13 04:46:52.090,A,560,B,3.57,8.0
2009-02-13 04:46:52.390,C,560,B,3.57,8.0
2009-02-13 04:46:52.390,A,561,B,3.57,3.0
2009-02-13 04:46:52.470,C,561,B,3.57,3.0
2009-02-13 04:46:52.470,A,562,B,3.57,8.0
2009-02-13 04:46:52.620,C,562,B,3.57,8.0
2009-02-13 04:46:52.620,A,563,B,3.57,3.0
2009-02-13 04:46:52.690,C,563,B,3.57,3.0
2009-02-13 04:46:52.690,A,564,B,3.57,8.0
2009-02-13 04:46:53.200,C,564,B,3.57,8.0
2009-02-13 04:46:53.200,A,565,B,3.57,3.0
2009-02-13 04:46:53.280,C,565,B,3.57,3.0
2009-02-13 04:46:53.280,A,566,B,3.57,8.0
2009-02-13 04:47:08.369,C,566,B,3.57,8.0
2009-02-13 04:47:08.369,A,567,B,3.57,3.0
2009-02-13 04:47:08.449,C,567,B,3.57,3.0
2009-02-13 04:47:08.449,A,568,B,3.57,8.0
2009-02-13 04:47:11.139,C,568,B,3.57,8.0
2009-02-13 04:47:11.139,A,569,B,3.57,3.0
2009-02-13 04:47:11.209,C,569,B,3.57,3.0
2009-02-13 04:47:11.209,A,570,B,3.57,8.0
2009-02-13 04:47:48.367,C,570,B,3.57,8.0
2009-02-13 04:47:48.367,A,571,B,3.57,3.0
2009-02-13 04:47:48.437,C,571,B,3.57,3.0
2009-02-13 04:47:48.437,A,572,B,3.57,8.0
2009-02-13 04:47:52.417,C,572,B,3.57,8.0
2009-02-13 04:47:52.417,A,573,B,3.57,3.0
2009-02-13 04:47:52.497,C,573,B,3.57,3.0
2009-02-13 04:47:52.497,A,574,B,3.57,8.0
2009-02-13 04:47:57.127,C,574,B,3.57,8.0
2009-02-13 04:47:57.127,A,575,B,3.57,3.0
2009-02-13 04:47:57.204,C,575,B,3.57,3.0
2009-02-13 04:47:57.204,A,576,B,3.57,8.0
2009-02-13 04:48:04.996,C,576,B,3.57,8.0
2009-02-13 04:48:04.996,A,577,B,3.57,3.0
2009-02-13 04:48:05.084,C,577,B,3.57,3.0
2009-02-13 04:48:05.084,A,578,B,3.57,8.0
2009-02-13 04:48:15.636,C,578,B,3.57,8.0
2009-02-13 04:48:15.636,A,579,B,3.57,3.0
2009-02-13 04:48:15.706,C,579,B,3.57,3.0
2009-02-13 04:48:15.706,A,580,B,3.57,8.0
2009-02-13 04:48:20.615,C,580,B,3.57,8.0
2009-02-13 04:48:20.615,A,581,B,3.57,3.0
2009-02-13 04:48:20.695,C,581,B,3.57,3.0
2009-02-13 04:48:20.695,A,582,B,3.57,8.0
2009-02-13 04:48:25.615,C,582,B,3.57,8.0
2009-02-13 04:48:25.615,A,583,B,3.57,3.0
2009-02-13 04:48:25.685,C,583,B,3.57,3.0
2009-02-13 04:48:25.685,A,584,B,3.57,8.0
2009-02-13 04:48:47.004,C,584,B,3.57,8.0
2009-02-13 04:48:47.004,A,585,B,3.57,3.0
2009-02-13 04:48:47.084,C,585,B,3.57,3.0
2009-02-13 04:48:47.084,A,586,B,3.57,8.0
2009-02-13 04:48:47.764,C,586,B,3.57,8.0
2009-02-13 04:48:47.764,A,587,B,3.57,3.0
2009-02-13 04:48:47.834,C,587,B,3.57,3.0
2009-02-13 04:48:47.834,A,588,B,3.57,8.0
2009-02-13 04:48:50.704,C,588,B,3.57,8.0
2009-02-13 04:48:50.704,A,589,B,3.57,3.0
2009-02-13 04:48:50.781,C,589,B,3.57,3.0
2009-02-13 04:48:50.781,A,590,B,3.57,8.0
2009-02-13 04:48:52.854,C,590,B,3.57,8.0
2009-02-13 04:48:52.854,A,591,B,3.57,3.0
2009-02-13 04:48:52.914,C,591,B,3.57,3.0
2009-02-13 04:48:52.914,A,592,B,3.57,8.0
2009-02-13 04:49:28.402,C,592,B,3.57,8.0
2009-02-13 04:49:28.402,A,593,B,3.57,3.0
2009-02-13 04:49:28.472,C,593,B,3.57,3.0
2009-02-13 04:49:28.472,A,594,B,3.57,8.0
2009-02-13 04:49:29.142,C,594,B,3.57,8.0
2009-02-13 04:49:29.142,A,595,B,3.57,3.0
2009-02-13 04:49:29.212,C,595,B,3.57,3.0
2009-02-13 04:49:29.212,A,596,B,3.57,8.0
2009-02-13 04:49:32.411,C,596,B,3.57,8.0
2009-02-13 04:49:32.411,A,597,B,3.57,3.0
2009-02-13 04:49:32.481,C,597,B,3.57,3.0
2009-02-13 04:49:32.481,A,598,B,3.57,8.0
2009-02-13 04:49:32.502,C,598,B,3.57,8.0
2009-02-13 04:49:32.502,A,599,B,3.57,3.0
2009-02-13 04:49:32.582,C,599,B,3.57,3.0
2009-02-13 04:49:32.582,A,600,B,3.57,8.0
2009-02-13 04:50:21.129,C,600,B,3.57,8.0
2009-02-13 04:50:21.129,A,601,B,3.57,3.0
2009-02-13 04:50:21.199,C,601,B,3.57,3.0
2009-02-13 04:50:21.199,A,602,B,3.57,8.0
2009-02-13 04:50:37.498,C,602,B,3.57,8.0
2009-02-13 04:50:37.498,A,603,B,3.57,3.0
2009-02-13 04:50:37.568,C,603,B,3.57,3.0
2009-02-13 04:50:37.568,A,604,B,3.57,8.0
2009-02-13 04:50:49.557,C,604,B,3.57,8.0
2009-02-13 04:50:49.557,A,605,B,3.57,3.0
2009-02-13 04:50:58.347,C,605,B,3.57,3.0
2009-02-13 04:50:58.347,A,606,B,3.57,8.0
2009-02-13 04:51:00.837,C,606,B,3.57,8.0
2009-02-13 04:51:00.837,A,607,B,3.57,3.0
2009-02-13 04:51:00.917,C,607,B,3.57,3.0
2009-02-13 04:51:00.917,A,608,B,3.57,8.0
2009-02-13 04:51:04.517,C,608,B,3.57,8.0
2009-02-13 04:51:04.517,A,609,B,3.57,3.0
2009-02-13 04:51:04.587,C,609,B,3.57,3.0
2009-02-13 04:51:04.587,A,610,B,3.57,8.0
2009-02-13 04:51:35.255,C,610,B,3.57,8.0
2009-02-13 04:51:35.255,A,611,B,3.57,3.0
2009-02-13 04:51:35.335,C,611,B,3.57,3.0
2009-02-13 04:51:35.335,A,612,B,3.57,8.0
2009-02-13 04:52:04.614,C,612,B,3.57,8.0
2009-02-13 04:52:04.614,A,613,B,3.57,3.0
2009-02-13 04:52:04.684,C,613,B,3.57,3.0
2009-02-13 04:52:04.684,A,614,B,3.57,8.0
2009-02-13 04:52:07.013,C,614,B,3.57,8.0
2009-02-13 04:52:07.013,A,615,B,3.57,3.0
2009-02-13 04:52:07.084,C,615,B,3.57,3.0
2009-02-13 04:52:07.084,A,616,B,3.57,8.0
2009-02-13 04:52:07.611,C,616,B,3.57,8.0
2009-02-13 04:52:07.611,A,617,B,3.57,3.0
2009-02-13 04:52:07.683,C,617,B,3.57,3.0
2009-02-13 04:52:07.683,A,618,B,3.57,8.0
2009-02-13 04:52:18.363,C,618,B,3.57,8.0
2009-02-13 04:52:18.363,A,619,B,3.57,3.0
2009-02-13 04:52:18.441,C,619,B,3.57,3.0
2009-02-13 04:52:18.441,A,620,B,3.57,8.0
2009-02-13 04:52:34.322,C,620,B,3.57,8.0
2009-02-13 04:52:34.322,A,621,B,3.57,3.0
2009-02-13 04:52:34.402,C,621,B,3.57,3.0
2009-02-13 04:52:34.402,A,622,B,3.57,8.0
2009-02-13 04:52:36.902,C,622,B,3.57,8.0
2009-02-13 04:52:36.902,A,623,B,3.57,3.0
2009-02-13 04:52:36.972,C,623,B,3.57,3.0
2009-02-13 04:52:36.972,A,624,B,3.57,8.0
2009-02-13 04:52:37.090,C,624,B,3.57,8.0
2009-02-13 04:52:37.090,A,625,B,3.57,3.0
2009-02-13 04:52:37.160,C,625,B,3.57,3.0
2009-02-13 04:52:37.160,A,626,B,3.57,8.0
2009-02-13 04:52:37.402,C,626,B,3.57,8.0
2009-02-13 04:52:37.402,A,627,B,3.57,3.0
2009-02-13 04:52:37.482,C,627,B,3.57,3.0
2009-02-13 04:52:37.482,A,628,B,3.57,8.0
2009-02-13 04:52:44.089,C,628,B,3.57,8.0
2009-02-13 04:52:44.089,A,629,B,3.57,3.0
2009-02-13 04:52:44.151,C,629,B,3.57,3.0
2009-02-13 04:52:44.151,A,630,B,3.57,8.0
2009-02-13 04:52:44.182,C,630,B,3.57,8.0
2009-02-13 04:52:44.182,A,631,B,3.57,3.0
2009-02-13 04:52:44.252,C,631,B,3.57,3.0
2009-02-13 04:52:44.252,A,632,B,3.57,8.0
2009-02-13 04:52:44.262,C,632,B,3.57,8.0
2009-02-13 04:52:44.262,A,633,B,3.57,3.0
2009-02-13 04:52:44.339,C,633,B,3.57,3.0
2009-02-13 04:52:44.339,A,634,B,3.57,8.0
2009-02-13 04:52:44.942,C,634,B,3.57,8.0
2009-02-13 04:52:44.942,A,635,B,3.57,3.0
2009-02-13 04:52:45.012,C,635,B,3.57,3.0
2009-02-13 04:52:45.012,A,636,B,3.57,8.0
2009-02-13 04:52:56.361,C,636,B,3.57,8.0
2009-02-13 04:52:56.361,A,637,B,3.57,3.0
2009-02-13 04:52:56.431,C,637,B,3.57,3.0
2009-02-13 04:52:56.431,A,638,B,3.57,8.0
2009-02-13 04:53:00.361,C,638,B,3.57,8.0
2009-02-13 04:53:00.361,A,639,B,3.57,3.0
2009-02-13 04:53:00.430,C,639,B,3.57,3.0
2009-02-13 04:53:00.430,A,640,B,3.57,8.0
2009-02-13 04:53:04.440,C,640,B,3.57,8.0
2009-02-13 04:53:04.440,A,641,B,3.57,3.0
2009-02-13 04:53:04.510,C,641,B,3.57,3.0
2009-02-13 04:53:04.510,A,642,B,3.57,8.0
2009-02-13 04:53:08.125,C,642,B,3.57,8.0
2009-02-13 04:53:08.125,A,643,B,3.57,3.0
2009-02-13 04:53:08.190,C,643,B,3.57,3.0
2009-02-13 04:53:08.190,A,644,B,3.57,8.0
2009-02-13 04:53:32.339,C,644,B,3.57,8.0
2009-02-13 04:53:32.339,A,645,B,3.57,3.0
2009-02-13 04:53:32.419,C,645,B,3.57,3.0
2009-02-13 04:53:32.419,A,646,B,3.57,8.0
2009-02-13 04:53:32.558,C,646,B,3.57,8.0
2009-02-13 04:53:32.558,A,647,B,3.57,5.0
2009-02-13 04:53:46.748,C,647,B,3.57,5.0
2009-02-13 04:53:46.748,A,648,B,3.52,20.0
2009-02-13 04:53:46.818,C,648,B,3.52,20.0
2009-02-13 04:53:46.818,A,649,B,3.57,5.0
2009-02-13 04:53:54.508,C,649,B,3.57,5.0
2009-02-13 04:53:54.508,A,650,B,3.52,20.0
2009-02-13 04:53:54.588,C,650,B,3.52,20.0
2009-02-13 04:53:54.588,A,651,B,3.57,5.0
2009-02-13 04:54:35.335,C,651,B,3.57,5.0
2009-02-13 04:54:35.335,A,652,B,3.52,20.0
2009-02-13 04:54:35.416,C,652,B,3.52,20.0
2009-02-13 04:54:35.416,A,653,B,3.57,5.0
2009-02-13 04:55:24.603,C,653,B,3.57,5.0
2009-02-13 04:55:24.603,A,654,B,3.52,20.0
2009-02-13 04:55:24.673,C,654,B,3.52,20.0
2009-02-13 04:55:24.673,A,655,B,3.57,5.0
2009-02-13 04:55:28.130,C,655,B,3.57,5.0
2009-02-13 04:55:28.130,A,656,B,3.52,20.0
2009-02-13 04:55:28.193,C,656,B,3.52,20.0
2009-02-13 04:55:28.193,A,657,B,3.57,5.0
2009-02-13 04:55:32.532,C,657,B,3.57,5.0
2009-02-13 04:55:32.532,A,658,B,3.52,20.0
2009-02-13 04:55:32.602,C,658,B,3.52,20.0
2009-02-13 04:55:32.602,A,659,B,3.57,5.0
2009-02-13 04:55:35.792,C,659,B,3.57,5.0
2009-02-13 04:55:35.792,A,660,B,3.52,20.0
2009-02-13 04:55:35.872,C,660,B,3.52,20.0
2009-02-13 04:55:35.872,A,661,B,3.57,5.0
2009-02-13 04:55:36.152,C,661,B,3.57,5.0
2009-02-13 04:55:36.152,A,662,B,3.52,20.0
2009-02-13 04:55:36.232,C,662,B,3.52,20.0
2009-02-13 04:55:36.232,A,663,B,3.57,5.0
2009-02-13 04:55:36.402,C,663,B,3.57,5.0
2009-02-13 04:55:36.402,A,664,B,3.52,20.0
2009-02-13 04:55:36.472,C,664,B,3.52,20.0
2009-02-13 04:55:36.472,A,665,B,3.57,5.0
2009-02-13 04:55:53.611,C,665,B,3.57,5.0
2009-02-13 04:55:53.611,A,666,B,3.52,20.0
2009-02-13 04:55:53.681,C,666,B,3.52,20.0
2009-02-13 04:55:53.681,A,667,B,3.57,5.0
2009-02-13 04:56:05.121,C,667,B,3.57,5.0
2009-02-13 04:56:05.121,A,668,B,3.52,20.0
2009-02-13 04:56:05.191,C,668,B,3.52,20.0
2009-02-13 04:56:05.191,A,669,B,3.57,5.0
2009-02-13 04:56:07.968,C,669,B,3.57,5.0
2009-02-13 04:56:07.968,A,670,B,3.52,20.0
2009-02-13 04:56:07.990,C,670,B,3.52,20.0
2009-02-13 04:56:07.990,A,671,B,3.57,5.0
2009-02-13 04:56:38.859,C,671,B,3.57,5.0
2009-02-13 04:56:38.859,A,672,B,3.52,20.0
2009-02-13 04:56:38.929,C,672,B,3.52,20.0
2009-02-13 04:56:38.929,A,673,B,3.57,5.0
2009-02-13 04:56:39.119,C,673,B,3.57,5.0
2009-02-13 04:56:39.119,A,674,B,3.52,20.0
2009-02-13 04:56:39.199,C,674,B,3.52,20.0
2009-02-13 04:56:39.199,A,675,B,3.57,5.0
2009-02-13 04:56:51.618,C,675,B,3.57,5.0
2009-02-13 04:56:51.618,A,676,B,3.52,20.0
2009-02-13 04:56:51.706,C,676,B,3.52,20.0
2009-02-13 04:56:51.706,A,677,B,3.57,5.0
2009-02-13 04:57:31.057,C,677,B,3.57,5.0
2009-02-13 04:57:31.057,A,678,B,3.52,20.0
2009-02-13 04:57:31.126,C,678,B,3.52,20.0
2009-02-13 04:57:31.126,A,679,B,3.57,5.0
2009-02-13 04:58:11.124,C,679,B,3.57,5.0
2009-02-13 04:58:11.124,A,680,B,3.52,20.0
2009-02-13 04:58:11.194,C,680,B,3.52,20.0
2009-02-13 04:58:11.194,A,681,B,3.57,5.0
2009-02-13 04:58:12.344,C,681,B,3.57,5.0
2009-02-13 04:58:12.344,A,682,B,3.52,20.0
2009-02-13 04:58:12.424,C,682,B,3.52,20.0
2009-02-13 04:58:12.424,A,683,B,3.57,5.0
2009-02-13 04:58:13.254,C,683,B,3.57,5.0
2009-02-13 04:58:13.254,A,684,B,3.52,20.0
2009-02-13 04:58:13.324,C,684,B,3.52,20.0
2009-02-13 04:58:13.324,A,685,B,3.57,5.0
2009-02-13 04:59:11.831,C,685,B,3.57,5.0
2009-02-13 04:59:11.831,A,686,B,3.52,20.0
2009-02-13 04:59:11.901,C,686,B,3.52,20.0
2009-02-13 04:59:11.901,A,687,B,3.57,5.0
2009-02-13 04:59:12.021,C,687,B,3.57,5.0
2009-02-13 04:59:12.021,A,688,B,3.52,20.0
2009-02-13 04:59:12.091,C,688,B,3.52,20.0
2009-02-13 04:59:12.091,A,689,B,3.57,5.0
2009-02-13 04:59:12.121,C,689,B,3.57,5.0
2009-02-13 04:59:12.121,A,690,B,3.52,20.0
2009-02-13 04:59:12.201,C,690,B,3.52,20.0
2009-02-13 04:59:12.201,A,691,B,3.57,5.0
2009-02-13 04:59:12.351,C,691,B,3.57,5.0
2009-02-13 04:59:12.351,A,692,B,3.52,20.0
2009-02-13 04:59:12.431,C,692,B,3.52,20.0
2009-02-13 04:59:12.431,A,693,B,3.57,5.0
2009-02-13 04:59:12.671,C,693,B,3.57,5.0
2009-02-13 04:59:12.671,A,694,B,3.52,20.0
2009-02-13 04:59:12.741,C,694,B,3.52,20.0
2009-02-13 04:59:12.741,A,695,B,3.57,5.0
2009-02-13 04:59:23.860,C,695,B,3.57,5.0
2009-02-13 04:59:23.860,A,696,B,3.52,20.0
2009-02-13 04:59:23.940,C,696,B,3.52,20.0
2009-02-13 04:59:23.940,A,697,B,3.57,5.0
2009-02-13 04:59:24.330,C,697,B,3.57,5.0
2009-02-13 04:59:24.330,A,698,B,3.52,20.0
2009-02-13 04:59:24.400,C,698,B,3.52,20.0
2009-02-13 04:59:24.400,A,699,B,3.57,5.0
2009-02-13 04:59:31.590,C,699,B,3.57,5.0
2009-02-13 04:59:31.590,A,700,B,3.52,20.0
2009-02-13 04:59:31.660,C,700,B,3.52,20.0
2009-02-13 04:59:31.660,A,701,B,3.57,5.0
2009-02-13 04:59:38.127,C,701,B,3.57,5.0
2009-02-13 04:59:38.127,A,702,B,3.52,20.0
2009-02-13 04:59:38.189,C,702,B,3.52,20.0
2009-02-13 04:59:38.189,A,703,B,3.57,5.0
2009-02-13 04:59:39.527,C,703,B,3.57,5.0
2009-02-13 04:59:39.527,A,704,B,3.52,20.0
2009-02-13 04:59:39.597,C,704,B,3.52,20.0
2009-02-13 04:59:39.597,A,705,B,3.57,5.0
2009-02-13 04:59:49.349,C,705,B,3.57,5.0
2009-02-13 04:59:49.349,A,706,B,3.52,20.0
2009-02-13 04:59:49.419,C,706,B,3.52,20.0
2009-02-13 04:59:49.419,A,707,B,3.57,5.0
2009-02-13 04:59:50.619,C,707,B,3.57,5.0
2009-02-13 04:59:50.619,A,708,B,3.52,20.0
2009-02-13 04:59:50.689,C,708,B,3.52,20.0
2009-02-13 04:59:50.689,A,709,B,3.57,5.0
2009-02-13 04:59:53.689,C,709,B,3.57,5.0
2009-02-13 04:59:53.689,A,710,B,3.52,20.0
2009-02-13 04:59:53.759,C,710,B,3.52,20.0
2009-02-13 04:59:53.759,A,711,B,3.57,5.0
2009-02-13 04:59:53.869,C,711,B,3.57,5.0
2009-02-13 04:59:53.869,A,712,B,3.52,20.0
2009-02-13 04:59:53.939,C,712,B,3.52,20.0
2009-02-13 04:59:53.939,A,713,B,3.57,5.0
2009-02-13 04:59:57.856,C,713,B,3.57,5.0
2009-02-13 04:59:57.856,A,714,B,3.52,20.0
2009-02-13 04:59:57.919,C,714,B,3.52,20.0
2009-02-13 04:59:57.919,A,715,B,3.56,5.0
2009-02-13 04:59:57.998,C,715,B,3.56,5.0
2009-02-13 04:59:57.998,A,716,B,3.57,5.0
2009-02-13 04:59:59.518,C,716,B,3.57,5.0
2009-02-13 04:59:59.518,A,717,B,3.52,20.0
2009-02-13 04:59:59.588,C,717,B,3.52,20.0
2009-02-13 04:59:59.588,A,718,B,3.56,5.0
2009-02-13 05:00:00.236,C,718,B,3.56,5.0
2009-02-13 05:00:00.236,A,719,B,3.52,20.0
2009-02-13 05:00:00.316,C,719,B,3.52,20.0
2009-02-13 05:00:00.316,A,720,B,3.56,5.0
2009-02-13 05:00:01.048,C,720,B,3.56,5.0
2009-02-13 05:00:01.048,A,721,B,3.57,5.0
2009-02-13 05:00:01.058,C,721,B,3.57,5.0
2009-02-13 05:00:01.058,A,722,B,3.52,20.0
2009-02-13 05:00:01.128,C,722,B,3.52,20.0
2009-02-13 05:00:01.128,A,723,B,3.57,5.0
2009-02-13 05:00:01.358,C,723,B,3.57,5.0
2009-02-13 05:00:01.358,A,724,B,3.52,20.0
2009-02-13 05:00:01.428,C,724,B,3.52,20.0
2009-02-13 05:00:01.428,A,725,B,3.57,5.0
2009-02-13 05:00:01.518,C,725,B,3.57,5.0
2009-02-13 05:00:01.518,A,726,B,3.52,20.0
2009-02-13 05:00:01.588,C,726,B,3.52,20.0
2009-02-13 05:00:01.588,A,727,B,3.57,5.0
2009-02-13 05:00:03.068,C,727,B,3.57,5.0
2009-02-13 05:00:03.068,A,728,B,3.52,20.0
2009-02-13 05:00:03.138,C,728,B,3.52,20.0
2009-02-13 05:00:03.138,A,729,B,3.56,5.0
2009-02-13 05:00:05.498,C,729,B,3.56,5.0
2009-02-13 05:00:05.498,A,730,B,3.52,20.0
2009-02-13 05:00:05.578,C,730,B,3.52,20.0
2009-02-13 05:00:05.578,A,731,B,3.56,5.0
2009-02-13 05:00:05.828,C,731,B,3.56,5.0
2009-02-13 05:00:05.828,A,732,B,3.52,20.0
2009-02-13 05:00:05.898,C,732,B,3.52,20.0
2009-02-13 05:00:05.898,A,733,B,3.56,5.0
2009-02-13 05:00:05.938,C,733,B,3.56,5.0
2009-02-13 05:00:05.938,A,734,B,3.52,20.0
2009-02-13 05:00:06.025,C,734,B,3.52,20.0
2009-02-13 05:00:06.025,A,735,B,3.56,5.0
2009-02-13 05:00:06.508,C,735,B,3.56,5.0
2009-02-13 05:00:06.508,A,736,B,3.52,20.0
2009-02-13 05:00:06.578,C,736,B,3.52,20.0
2009-02-13 05:00:06.578,A,737,B,3.56,5.0
2009-02-13 05:00:06.626,C,737,B,3.56,5.0
2009-02-13 05:00:06.626,A,738,B,3.52,20.0
2009-02-13 05:00:06.698,C,738,B,3.52,20.0
2009-02-13 05:00:06.698,A,739,B,3.56,5.0
2009-02-13 05:00:09.758,C,739,B,3.56,5.0
2009-02-13 05:00:09.758,A,740,B,3.57,5.0
2009-02-13 05:00:13.398,C,740,B,3.57,5.0
2009-02-13 05:00:13.398,A,741,B,3.52,20.0
2009-02-13 05:00:13.468,C,741,B,3.52,20.0
2009-02-13 05:00:13.468,A,742,B,3.57,5.0
2009-02-13 05:00:13.518,C,742,B,3.57,5.0
2009-02-13 05:00:13.518,A,743,B,3.52,20.0
2009-02-13 05:00:13.588,C,743,B,3.52,20.0
2009-02-13 05:00:13.588,A,744,B,3.56,5.0
2009-02-13 05:00:13.797,C,744,B,3.56,5.0
2009-02-13 05:00:13.797,A,745,B,3.57,5.0
2009-02-13 05:00:14.397,C,745,B,3.57,5.0
2009-02-13 05:00:14.397,A,746,B,3.52,20.0
2009-02-13 05:00:14.468,C,746,B,3.52,20.0
2009-02-13 05:00:14.468,A,747,B,3.56,5.0
2009-02-13 05:00:14.507,C,747,B,3.56,5.0
2009-02-13 05:00:14.507,A,748,B,3.57,5.0
2009-02-13 05:00:15.368,C,748,B,3.57,5.0
2009-02-13 05:00:15.368,A,749,B,3.52,20.0
2009-02-13 05:00:15.448,C,749,B,3.52,20.0
2009-02-13 05:00:15.448,A,750,B,3.57,5.0
2009-02-13 05:00:16.778,C,750,B,3.57,5.0
2009-02-13 05:00:16.778,A,751,B,3.52,20.0
2009-02-13 05:00:16.847,C,751,B,3.52,20.0
2009-02-13 05:00:16.847,A,752,B,3.56,5.0
2009-02-13 05:00:16.927,C,752,B,3.56,5.0
2009-02-13 05:00:16.927,A,753,B,3.52,20.0
2009-02-13 05:00:17.497,C,753,B,3.52,20.0
2009-02-13 05:00:17.497,A,754,B,3.56,5.0
2009-02-13 05:00:18.827,C,754,B,3.56,5.0
2009-02-13 05:00:18.827,A,755,B,3.52,20.0
2009-02-13 05:00:18.897,C,755,B,3.52,20.0
2009-02-13 05:00:18.897,A,756,B,3.56,5.0
2009-02-13 05:00:20.837,C,756,B,3.56,5.0
2009-02-13 05:00:20.837,A,757,B,3.52,20.0
2009-02-13 05:00:20.907,C,757,B,3.52,20.0
2009-02-13 05:00:20.907,A,758,B,3.56,5.0
2009-02-13 05:00:24.337,C,758,B,3.56,5.0
2009-02-13 05:00:24.337,A,759,B,3.52,20.0
2009-02-13 05:00:24.417,C,759,B,3.52,20.0
2009-02-13 05:00:24.417,A,760,B,3.56,5.0
2009-02-13 05:00:24.957,C,760,B,3.56,5.0
2009-02-13 05:00:24.957,A,761,B,3.52,20.0
2009-02-13 05:00:25.037,C,761,B,3.52,20.0
2009-02-13 05:00:25.037,A,762,B,3.56,5.0
2009-02-13 05:00:25.407,C,511,S,3.64,3.0
2009-02-13 05:00:25.407,A,763,S,3.64,7.0
2009-02-13 05:00:30.497,C,762,B,3.56,5.0
2009-02-13 05:00:30.497,A,764,B,3.52,20.0
2009-02-13 05:00:30.566,C,764,B,3.52,20.0
2009-02-13 05:00:30.566,A,765,B,3.56,5.0
2009-02-13 05:00:32.857,C,765,B,3.56,5.0
2009-02-13 05:00:32.857,A,766,B,3.52,20.0
2009-02-13 05:00:32.926,C,766,B,3.52,20.0
2009-02-13 05:00:32.926,A,767,B,3.56,5.0
2009-02-13 05:00:36.606,C,767,B,3.56,5.0
2009-02-13 05:00:36.606,A,768,B,3.52,20.0
2009-02-13 05:00:36.676,C,768,B,3.52,20.0
2009-02-13 05:00:36.676,A,769,B,3.56,5.0
2009-02-13 05:00:38.157,C,769,B,3.56,5.0
2009-02-13 05:00:38.157,A,770,B,3.52,20.0
2009-02-13 05:00:38.236,C,770,B,3.52,20.0
2009-02-13 05:00:38.236,A,771,B,3.56,5.0
2009-02-13 05:00:38.956,C,771,B,3.56,5.0
2009-02-13 05:00:38.956,A,772,B,3.52,20.0
2009-02-13 05:00:39.026,C,772,B,3.52,20.0
2009-02-13 05:00:39.026,A,773,B,3.56,5.0
2009-02-13 05:00:44.366,C,773,B,3.56,5.0
2009-02-13 05:00:44.366,A,774,B,3.52,20.0
2009-02-13 05:00:44.446,C,774,B,3.52,20.0
2009-02-13 05:00:44.446,A,775,B,3.56,5.0
2009-02-13 05:00:52.626,C,775,B,3.56,5.0
2009-02-13 05:00:52.626,A,776,B,3.52,20.0
2009-02-13 05:00:52.703,C,776,B,3.52,20.0
2009-02-13 05:00:52.703,A,777,B,3.56,5.0
2009-02-13 05:00:56.325,C,777,B,3.56,5.0
2009-02-13 05:00:56.325,A,778,B,3.52,20.0
2009-02-13 05:00:56.403,C,778,B,3.52,20.0
2009-02-13 05:00:56.403,A,779,B,3.56,5.0
2009-02-13 05:00:57.825,C,779,B,3.56,5.0
2009-02-13 05:00:57.825,A,780,B,3.52,20.0
2009-02-13 05:00:57.895,C,780,B,3.52,20.0
2009-02-13 05:00:57.895,A,781,B,3.56,5.0
2009-02-13 05:00:58.633,C,781,B,3.56,5.0
2009-02-13 05:00:58.633,A,782,B,3.52,20.0
2009-02-13 05:00:58.703,C,782,B,3.52,20.0
2009-02-13 05:00:58.703,A,783,B,3.56,5.0
2009-02-13 05:00:58.705,C,783,B,3.56,5.0
2009-02-13 05:00:58.705,A,784,B,3.52,20.0
2009-02-13 05:00:58.775,C,784,B,3.52,20.0
2009-02-13 05:00:58.775,A,785,B,3.56,5.0
2009-02-13 05:01:04.115,C,785,B,3.56,5.0
2009-02-13 05:01:04.115,A,786,B,3.52,20.0
2009-02-13 05:01:04.185,C,786,B,3.52,20.0
2009-02-13 05:01:04.185,A,787,B,3.56,5.0
2009-02-13 05:01:10.964,C,787,B,3.56,5.0
2009-02-13 05:01:10.964,A,788,B,3.52,20.0
2009-02-13 05:01:11.044,C,788,B,3.52,20.0
2009-02-13 05:01:11.044,A,789,B,3.56,5.0
2009-02-13 05:01:20.834,C,789,B,3.56,5.0
2009-02-13 05:01:20.834,A,790,B,3.52,20.0
2009-02-13 05:01:20.905,C,790,B,3.52,20.0
2009-02-13 05:01:20.905,A,791,B,3.56,5.0
2009-02-13 05:01:21.704,C,791,B,3.56,5.0
2009-02-13 05:01:21.704,A,792,B,3.52,20.0
2009-02-13 05:01:21.774,C,792,B,3.52,20.0
2009-02-13 05:01:21.774,A,793,B,3.56,5.0
2009-02-13 05:01:22.484,C,793,B,3.56,5.0
2009-02-13 05:01:22.484,A,794,B,3.52,20.0
2009-02-13 05:01:22.554,C,794,B,3.52,20.0
2009-02-13 05:01:22.554,A,795,B,3.56,5.0
2009-02-13 05:01:24.624,C,795,B,3.56,5.0
2009-02-13 05:01:24.624,A,796,B,3.52,20.0
2009-02-13 05:01:24.694,C,796,B,3.52,20.0
2009-02-13 05:01:24.694,A,797,B,3.56,5.0
2009-02-13 05:01:33.823,C,797,B,3.56,5.0
2009-02-13 05:01:33.823,A,798,B,3.52,20.0
2009-02-13 05:01:33.893,C,798,B,3.52,20.0
2009-02-13 05:01:33.893,A,799,B,3.56,5.0
2009-02-13 05:01:34.743,C,799,B,3.56,5.0
2009-02-13 05:01:34.743,A,800,B,3.52,20.0
2009-02-13 05:01:34.813,C,800,B,3.52,20.0
2009-02-13 05:01:34.813,A,801,B,3.56,5.0
2009-02-13 05:01:37.151,C,801,B,3.56,5.0
2009-02-13 05:01:37.151,A,802,B,3.52,20.0
2009-02-13 05:01:37.223,C,802,B,3.52,20.0
2009-02-13 05:01:37.223,A,803,B,3.56,5.0
2009-02-13 05:01:46.793,C,803,B,3.56,5.0
2009-02-13 05:01:46.793,A,804,B,3.52,20.0
2009-02-13 05:01:46.863,C,804,B,3.52,20.0
2009-02-13 05:01:46.863,A,805,B,3.56,5.0
2009-02-13 05:01:51.932,C,805,B,3.56,5.0
2009-02-13 05:01:51.932,A,806,B,3.52,20.0
2009-02-13 05:01:52.013,C,806,B,3.52,20.0
2009-02-13 05:01:52.013,A,807,B,3.56,5.0
2009-02-13 05:01:55.332,C,807,B,3.56,5.0
2009-02-13 05:01:55.332,A,808,B,3.52,20.0
2009-02-13 05:01:55.402,C,808,B,3.52,20.0
2009-02-13 05:01:55.402,A,809,B,3.56,5.0
2009-02-13 05:01:57.862,C,809,B,3.56,5.0
2009-02-13 05:01:57.862,A,810,B,3.52,20.0
2009-02-13 05:01:57.932,C,810,B,3.52,20.0
2009-02-13 05:01:57.932,A,811,B,3.56,5.0
2009-02-13 05:02:00.852,C,811,B,3.56,5.0
2009-02-13 05:02:00.852,A,812,B,3.52,20.0
2009-02-13 05:02:00.922,C,812,B,3.52,20.0
2009-02-13 05:02:00.922,A,813,B,3.56,5.0
2009-02-13 05:02:04.122,C,813,B,3.56,5.0
2009-02-13 05:02:04.122,A,814,B,3.52,20.0
2009-02-13 05:02:04.199,C,814,B,3.52,20.0
2009-02-13 05:02:04.199,A,815,B,3.56,5.0
2009-02-13 05:02:09.521,C,815,B,3.56,5.0
2009-02-13 05:02:09.521,A,816,B,3.52,20.0
2009-02-13 05:02:09.591,C,816,B,3.52,20.0
2009-02-13 05:02:09.591,A,817,B,3.56,5.0
2009-02-13 05:02:09.631,C,817,B,3.56,5.0
2009-02-13 05:02:09.631,A,818,B,3.57,5.0
2009-02-13 05:02:09.801,C,818,B,3.57,5.0
2009-02-13 05:02:09.801,A,819,B,3.52,20.0
2009-02-13 05:02:09.879,C,819,B,3.52,20.0
2009-02-13 05:02:09.879,A,820,B,3.57,5.0
2009-02-13 05:02:11.101,C,820,B,3.57,5.0
2009-02-13 05:02:11.101,A,821,B,3.52,20.0
2009-02-13 05:02:11.171,C,821,B,3.52,20.0
2009-02-13 05:02:11.171,A,822,B,3.57,5.0
2009-02-13 05:02:15.051,C,822,B,3.57,5.0
2009-02-13 05:02:15.051,A,823,B,3.52,20.0
2009-02-13 05:02:15.121,C,823,B,3.52,20.0
2009-02-13 05:02:15.121,A,824,B,3.57,5.0
2009-02-13 05:02:16.621,C,824,B,3.57,5.0
2009-02-13 05:02:16.621,A,825,B,3.52,20.0
2009-02-13 05:02:16.691,C,825,B,3.52,20.0
2009-02-13 05:02:16.691,A,826,B,3.57,5.0
2009-02-13 05:02:18.610,C,826,B,3.57,5.0
2009-02-13 05:02:18.610,A,827,B,3.52,20.0
2009-02-13 05:02:18.691,C,827,B,3.52,20.0
2009-02-13 05:02:18.691,A,828,B,3.57,5.0
2009-02-13 05:02:28.131,C,828,B,3.57,5.0
2009-02-13 05:02:28.131,A,829,B,3.52,20.0
2009-02-13 05:02:28.201,C,829,B,3.52,20.0
2009-02-13 05:02:28.201,A,830,B,3.57,5.0
2009-02-13 05:02:34.630,C,830,B,3.57,5.0
2009-02-13 05:02:34.630,A,831,B,3.52,20.0
2009-02-13 05:02:34.700,C,831,B,3.52,20.0
2009-02-13 05:02:34.700,A,832,B,3.56,5.0
2009-02-13 05:02:34.819,C,832,B,3.56,5.0
2009-02-13 05:02:34.819,A,833,B,3.57,5.0
2009-02-13 05:02:38.890,C,833,B,3.57,5.0
2009-02-13 05:02:38.890,A,834,B,3.52,20.0
2009-02-13 05:02:38.960,C,834,B,3.52,20.0
2009-02-13 05:02:38.960,A,835,B,3.56,5.0
2009-02-13 05:02:39.210,C,835,B,3.56,5.0
2009-02-13 05:02:39.210,A,836,B,3.52,20.0
2009-02-13 05:02:39.287,C,836,B,3.52,20.0
2009-02-13 05:02:39.287,A,837,B,3.56,5.0
2009-02-13 05:02:39.850,C,837,B,3.56,5.0
2009-02-13 05:02:39.850,A,838,B,3.52,20.0
2009-02-13 05:02:39.920,C,838,B,3.52,20.0
2009-02-13 05:02:39.920,A,839,B,3.56,5.0
2009-02-13 05:02:40.620,C,839,B,3.56,5.0
2009-02-13 05:02:40.620,A,840,B,3.52,20.0
2009-02-13 05:02:40.689,C,840,B,3.52,20.0
2009-02-13 05:02:40.689,A,841,B,3.56,5.0
2009-02-13 05:02:44.500,C,841,B,3.56,5.0
2009-02-13 05:02:44.500,A,842,B,3.52,20.0
2009-02-13 05:02:44.570,C,842,B,3.52,20.0
2009-02-13 05:02:44.570,A,843,B,3.56,5.0
2009-02-13 05:02:46.449,C,843,B,3.56,5.0
2009-02-13 05:02:46.449,A,844,B,3.52,20.0
2009-02-13 05:02:46.538,C,844,B,3.52,20.0
2009-02-13 05:02:46.538,A,845,B,3.56,5.0
2009-02-13 05:02:46.580,C,845,B,3.56,5.0
2009-02-13 05:02:46.580,A,846,B,3.52,20.0
2009-02-13 05:02:46.649,C,846,B,3.52,20.0
2009-02-13 05:02:46.649,A,847,B,3.56,5.0
2009-02-13 05:02:49.339,C,847,B,3.56,5.0
2009-02-13 05:02:49.339,A,848,B,3.52,20.0
2009-02-13 05:02:49.419,C,848,B,3.52,20.0
2009-02-13 05:02:49.419,A,849,B,3.56,5.0
2009-02-13 05:02:52.149,C,849,B,3.56,5.0
2009-02-13 05:02:52.149,A,850,B,3.57,5.0
2009-02-13 05:02:53.129,C,850,B,3.57,5.0
2009-02-13 05:02:53.129,A,851,B,3.52,20.0
2009-02-13 05:02:53.209,C,851,B,3.52,20.0
2009-02-13 05:02:53.209,A,852,B,3.56,5.0
2009-02-13 05:02:53.829,C,852,B,3.56,5.0
2009-02-13 05:02:53.829,A,853,B,3.57,5.0
2009-02-13 05:03:18.598,C,853,B,3.57,5.0
2009-02-13 05:03:18.598,A,854,B,3.52,20.0
2009-02-13 05:03:18.668,C,854,B,3.52,20.0
2009-02-13 05:03:18.668,A,855,B,3.57,5.0
2009-02-13 05:03:19.353,C,855,B,3.57,5.0
2009-02-13 05:03:19.353,A,856,B,3.52,20.0
2009-02-13 05:03:19.426,C,856,B,3.52,20.0
2009-02-13 05:03:19.426,A,857,B,3.57,5.0
2009-02-13 05:03:19.855,C,857,B,3.57,5.0
2009-02-13 05:03:19.855,A,858,B,3.52,20.0
2009-02-13 05:03:19.928,C,858,B,3.52,20.0
2009-02-13 05:03:19.928,A,859,B,3.57,5.0
2009-02-13 05:03:21.108,C,859,B,3.57,5.0
2009-02-13 05:03:21.108,A,860,B,3.52,20.0
2009-02-13 05:03:21.188,C,860,B,3.52,20.0
2009-02-13 05:03:21.188,A,861,B,3.57,5.0
2009-02-13 05:03:22.348,C,861,B,3.57,5.0
2009-02-13 05:03:22.348,A,862,B,3.52,20.0
2009-02-13 05:03:22.418,C,862,B,3.52,20.0
2009-02-13 05:03:22.418,A,863,B,3.57,5.0
2009-02-13 05:03:44.496,C,863,B,3.57,5.0
2009-02-13 05:03:44.496,A,864,B,3.52,20.0
2009-02-13 05:03:44.566,C,864,B,3.52,20.0
2009-02-13 05:03:44.566,A,865,B,3.57,5.0
2009-02-13 05:03:45.126,C,865,B,3.57,5.0
2009-02-13 05:03:45.126,A,866,B,3.52,20.0
2009-02-13 05:03:45.196,C,866,B,3.52,20.0
2009-02-13 05:03:45.196,A,867,B,3.57,5.0
2009-02-13 05:03:46.302,C,867,B,3.57,5.0
2009-02-13 05:03:46.302,A,868,B,3.52,20.0
2009-02-13 05:03:46.376,C,868,B,3.52,20.0
2009-02-13 05:03:46.376,A,869,B,3.57,5.0
2009-02-13 05:03:47.696,C,869,B,3.57,5.0
2009-02-13 05:03:47.696,A,870,B,3.52,20.0
2009-02-13 05:03:47.766,C,870,B,3.52,20.0
2009-02-13 05:03:47.766,A,871,B,3.57,5.0
2009-02-13 05:03:58.616,C,871,B,3.57,5.0
2009-02-13 05:03:58.616,A,872,B,3.52,20.0
2009-02-13 05:03:58.686,C,872,B,3.52,20.0
2009-02-13 05:03:58.686,A,873,B,3.57,5.0
2009-02-13 05:04:02.285,C,873,B,3.57,5.0
2009-02-13 05:04:02.285,A,874,B,3.52,20.0
2009-02-13 05:04:02.356,C,874,B,3.52,20.0
2009-02-13 05:04:02.356,A,875,B,3.57,5.0
2009-02-13 05:04:02.875,C,875,B,3.57,5.0
2009-02-13 05:04:02.875,A,876,B,3.52,20.0
2009-02-13 05:04:02.946,C,876,B,3.52,20.0
2009-02-13 05:04:02.946,A,877,B,3.57,5.0
2009-02-13 05:04:03.365,C,877,B,3.57,5.0
2009-02-13 05:04:03.365,A,878,B,3.52,20.0
2009-02-13 05:04:03.435,C,878,B,3.52,20.0
2009-02-13 05:04:03.435,A,879,B,3.57,5.0
2009-02-13 05:04:03.865,C,879,B,3.57,5.0
2009-02-13 05:04:03.865,A,880,B,3.52,20.0
2009-02-13 05:04:03.945,C,880,B,3.52,20.0
2009-02-13 05:04:03.945,A,881,B,3.57,5.0
2009-02-13 05:04:04.365,C,881,B,3.57,5.0
2009-02-13 05:04:04.365,A,882,B,3.52,20.0
2009-02-13 05:04:04.435,C,882,B,3.52,20.0
2009-02-13 05:04:04.435,A,883,B,3.57,5.0
2009-02-13 05:04:05.126,C,883,B,3.57,5.0
2009-02-13 05:04:05.126,A,884,B,3.52,20.0
2009-02-13 05:04:05.205,C,884,B,3.52,20.0
2009-02-13 05:04:05.205,A,885,B,3.57,5.0
2009-02-13 05:04:13.555,C,885,B,3.57,5.0
2009-02-13 05:04:13.555,A,886,B,3.52,20.0
2009-02-13 05:04:13.625,C,886,B,3.52,20.0
2009-02-13 05:04:13.625,A,887,B,3.57,5.0
2009-02-13 05:04:17.044,C,887,B,3.57,5.0
2009-02-13 05:04:17.044,A,888,B,3.58,1.0
2009-02-13 05:04:31.893,C,888,B,3.58,1.0
2009-02-13 05:04:31.893,A,889,B,3.57,5.0
2009-02-13 05:04:42.853,C,889,B,3.57,5.0
2009-02-13 05:04:42.853,A,890,B,3.59,1.0
2009-02-13 05:04:46.532,C,890,B,3.59,1.0
2009-02-13 05:04:46.532,A,891,B,3.57,5.0
2009-02-13 05:04:47.093,C,891,B,3.57,5.0
2009-02-13 05:04:47.093,A,892,B,3.52,20.0
2009-02-13 05:04:47.173,C,892,B,3.52,20.0
2009-02-13 05:04:47.173,A,893,B,3.57,5.0
2009-02-13 05:04:48.953,C,893,B,3.57,5.0
2009-02-13 05:04:48.953,A,894,B,3.52,20.0
2009-02-13 05:04:49.033,C,894,B,3.52,20.0
2009-02-13 05:04:49.033,A,895,B,3.56,5.0
2009-02-13 05:04:49.122,C,895,B,3.56,5.0
2009-02-13 05:04:49.122,A,896,B,3.57,5.0
2009-02-13 05:04:55.993,C,896,B,3.57,5.0
2009-02-13 05:04:55.993,A,897,B,3.52,20.0
2009-02-13 05:04:56.063,C,897,B,3.52,20.0
2009-02-13 05:04:56.063,A,898,B,3.56,5.0
2009-02-13 05:05:02.402,C,898,B,3.56,5.0
2009-02-13 05:05:02.402,A,899,B,3.52,20.0
2009-02-13 05:05:02.482,C,899,B,3.52,20.0
2009-02-13 05:05:02.482,A,900,B,3.56,5.0
2009-02-13 05:05:05.192,C,900,B,3.56,5.0
2009-02-13 05:05:05.192,A,901,B,3.52,20.0
2009-02-13 05:05:05.262,C,901,B,3.52,20.0
2009-02-13 05:05:05.262,A,902,B,3.56,5.0
2009-02-13 05:05:14.859,C,902,B,3.56,5.0
2009-02-13 05:05:14.859,A,903,B,3.52,20.0
2009-02-13 05:05:14.922,C,903,B,3.52,20.0
2009-02-13 05:05:14.922,A,904,B,3.56,5.0
2009-02-13 05:05:15.372,C,904,B,3.56,5.0
2009-02-13 05:05:15.372,A,905,B,3.52,20.0
2009-02-13 05:05:15.442,C,905,B,3.52,20.0
2009-02-13 05:05:15.442,A,906,B,3.56,5.0
2009-02-13 05:05:16.112,C,906,B,3.56,5.0
2009-02-13 05:05:16.112,A,907,B,3.52,20.0
2009-02-13 05:05:16.182,C,907,B,3.52,20.0
2009-02-13 05:05:16.182,A,908,B,3.56,5.0
2009-02-13 05:05:16.379,C,908,B,3.56,5.0
2009-02-13 05:05:16.379,A,909,B,3.52,20.0
2009-02-13 05:05:16.449,C,909,B,3.52,20.0
2009-02-13 05:05:16.449,A,910,B,3.56,5.0
2009-02-13 05:05:26.341,C,910,B,3.56,5.0
2009-02-13 05:05:26.341,A,911,B,3.52,20.0
2009-02-13 05:05:26.419,C,911,B,3.52,20.0
2009-02-13 05:05:26.419,A,912,B,3.56,5.0
2009-02-13 05:05:43.870,C,912,B,3.56,5.0
2009-02-13 05:05:43.870,A,913,B,3.52,20.0
2009-02-13 05:05:43.947,C,913,B,3.52,20.0
2009-02-13 05:05:43.947,A,914,B,3.56,5.0
2009-02-13 05:05:47.100,C,914,B,3.56,5.0
2009-02-13 05:05:47.100,A,915,B,3.52,20.0
2009-02-13 05:05:47.170,C,915,B,3.52,20.0
2009-02-13 05:05:47.170,A,916,B,3.56,5.0
2009-02-13 05:05:54.840,C,916,B,3.56,5.0
2009-02-13 05:05:54.840,A,917,B,3.52,20.0
2009-02-13 05:05:54.910,C,917,B,3.52,20.0
2009-02-13 05:05:54.910,A,918,B,3.56,5.0
2009-02-13 05:06:02.109,C,918,B,3.56,5.0
2009-02-13 05:06:02.109,A,919,B,3.52,20.0
2009-02-13 05:06:02.179,C,919,B,3.52,20.0
2009-02-13 05:06:02.179,A,920,B,3.56,5.0
2009-02-13 05:06:02.639,C,920,B,3.56,5.0
2009-02-13 05:06:02.639,A,921,B,3.52,20.0
2009-02-13 05:06:02.727,C,921,B,3.52,20.0
2009-02-13 05:06:02.727,A,922,B,3.56,5.0
2009-02-13 05:06:02.799,C,922,B,3.56,5.0
2009-02-13 05:06:02.799,A,923,B,3.52,20.0
2009-02-13 05:06:02.869,C,923,B,3.52,20.0
2009-02-13 05:06:02.869,A,924,B,3.56,5.0
2009-02-13 05:06:07.376,C,924,B,3.56,5.0
2009-02-13 05:06:07.376,A,925,B,3.52,20.0
2009-02-13 05:06:07.439,C,925,B,3.52,20.0
2009-02-13 05:06:07.439,A,926,B,3.56,5.0
2009-02-13 05:06:08.134,C,926,B,3.56,5.0
2009-02-13 05:06:08.134,A,927,B,3.52,20.0
2009-02-13 05:06:08.199,C,927,B,3.52,20.0
2009-02-13 05:06:08.199,A,928,B,3.56,5.0
2009-02-13 05:06:11.419,C,928,B,3.56,5.0
2009-02-13 05:06:11.419,A,929,B,3.52,20.0
2009-02-13 05:06:11.489,C,929,B,3.52,20.0
2009-02-13 05:06:11.489,A,930,B,3.56,5.0
2009-02-13 05:06:11.908,C,930,B,3.56,5.0
2009-02-13 05:06:11.908,A,931,B,3.52,20.0
2009-02-13 05:06:11.978,C,931,B,3.52,20.0
2009-02-13 05:06:11.978,A,932,B,3.56,5.0
2009-02-13 05:06:22.018,C,932,B,3.56,5.0
2009-02-13 05:06:22.018,A,933,B,3.52,20.0
2009-02-13 05:06:22.088,C,933,B,3.52,20.0
2009-02-13 05:06:22.088,A,934,B,3.56,5.0
2009-02-13 05:06:22.808,C,934,B,3.56,5.0
2009-02-13 05:06:22.808,A,935,B,3.58,1.0
2009-02-13 05:06:32.197,C,935,B,3.58,1.0
2009-02-13 05:06:32.197,A,936,B,3.56,5.0
2009-02-13 05:06:34.567,C,936,B,3.56,5.0
2009-02-13 05:06:34.567,A,937,B,3.52,20.0
2009-02-13 05:06:34.637,C,937,B,3.52,20.0
2009-02-13 05:06:34.637,A,938,B,3.56,5.0
2009-02-13 05:06:45.867,C,938,B,3.56,5.0
2009-02-13 05:06:45.867,A,939,B,3.52,20.0
2009-02-13 05:06:45.937,C,939,B,3.52,20.0
2009-02-13 05:06:45.937,A,940,B,3.56,5.0
2009-02-13 05:06:47.387,C,940,B,3.56,5.0
2009-02-13 05:06:47.387,A,941,B,3.52,20.0
2009-02-13 05:06:47.457,C,941,B,3.52,20.0
2009-02-13 05:06:47.457,A,942,B,3.56,5.0
2009-02-13 05:07:15.845,C,942,B,3.56,5.0
2009-02-13 05:07:15.845,A,943,B,3.52,20.0
2009-02-13 05:07:15.915,C,943,B,3.52,20.0
2009-02-13 05:07:15.915,A,944,B,3.56,5.0
2009-02-13 05:07:18.845,C,944,B,3.56,5.0
2009-02-13 05:07:18.845,A,945,B,3.52,20.0
2009-02-13 05:07:18.915,C,945,B,3.52,20.0
2009-02-13 05:07:18.915,A,946,B,3.56,5.0
2009-02-13 05:07:22.175,C,946,B,3.56,5.0
2009-02-13 05:07:22.175,A,947,B,3.52,20.0
2009-02-13 05:07:22.255,C,947,B,3.52,20.0
2009-02-13 05:07:22.255,A,948,B,3.56,5.0
2009-02-13 05:07:29.214,C,948,B,3.56,5.0
2009-02-13 05:07:29.214,A,949,B,3.52,20.0
2009-02-13 05:07:29.292,C,949,B,3.52,20.0
2009-02-13 05:07:29.292,A,950,B,3.56,5.0
2009-02-13 05:07:34.842,C,950,B,3.56,5.0
2009-02-13 05:07:34.842,A,951,B,3.52,20.0
2009-02-13 05:07:34.904,C,951,B,3.52,20.0
2009-02-13 05:07:34.904,A,952,B,3.56,5.0
2009-02-13 05:07:38.353,C,952,B,3.56,5.0
2009-02-13 05:07:38.353,A,953,B,3.52,20.0
2009-02-13 05:07:41.903,C,953,B,3.52,20.0
2009-02-13 05:07:41.903,A,954,B,3.57,4.0
2009-02-13 05:08:23.741,C,954,B,3.57,4.0
2009-02-13 05:08:23.741,A,955,B,3.56,5.0
2009-02-13 05:08:29.501,C,955,B,3.56,5.0
2009-02-13 05:08:29.501,A,956,B,3.52,20.0
2009-02-13 05:08:29.572,C,956,B,3.52,20.0
2009-02-13 05:08:29.572,A,957,B,3.56,5.0
2009-02-13 05:08:32.001,C,957,B,3.56,5.0
2009-02-13 05:08:32.001,A,958,B,3.52,20.0
2009-02-13 05:08:32.071,C,958,B,3.52,20.0
2009-02-13 05:08:32.071,A,959,B,3.56,5.0
2009-02-13 05:08:41.341,C,959,B,3.56,5.0
2009-02-13 05:08:41.341,A,960,B,3.52,20.0
2009-02-13 05:08:41.410,C,960,B,3.52,20.0
2009-02-13 05:08:41.410,A,961,B,3.56,5.0
2009-02-13 05:08:52.550,C,961,B,3.56,5.0
2009-02-13 05:08:52.550,A,962,B,3.52,20.0
2009-02-13 05:08:52.579,C,962,B,3.52,20.0
2009-02-13 05:08:52.579,A,963,B,3.57,4.0
2009-02-13 05:11:48.710,C,963,B,3.57,4.0
2009-02-13 05:11:48.710,A,964,B,3.58,5.0
2009-02-13 05:11:49.121,C,964,B,3.58,5.0
2009-02-13 05:11:49.121,A,965,B,3.57,4.0
2009-02-13 05:11:49.191,C,965,B,3.57,4.0
2009-02-13 05:11:49.191,A,966,B,3.58,5.0
2009-02-13 05:11:49.671,C,966,B,3.58,5.0
2009-02-13 05:11:49.671,A,967,B,3.57,4.0
2009-02-13 05:11:49.741,C,967,B,3.57,4.0
2009-02-13 05:11:49.741,A,968,B,3.58,5.0
2009-02-13 05:11:49.790,C,968,B,3.58,5.0
2009-02-13 05:11:49.790,A,969,B,3.57,4.0
2009-02-13 05:15:53.837,C,969,B,3.57,4.0
2009-02-13 05:15:53.837,A,970,B,3.57,9.0
2009-02-13 05:15:53.958,C,970,B,3.57,9.0
2009-02-13 05:15:53.958,A,971,B,3.57,4.0
2009-02-13 05:15:54.028,C,971,B,3.57,4.0
2009-02-13 05:15:54.028,A,972,B,3.57,9.0
2009-02-13 05:16:04.637,C,972,B,3.57,9.0
2009-02-13 05:16:04.637,A,973,B,3.57,4.0
2009-02-13 05:16:56.332,C,973,B,3.57,4.0
2009-02-13 05:16:56.332,A,974,B,3.57,9.0
2009-02-13 05:16:58.324,C,974,B,3.57,9.0
2009-02-13 05:16:58.324,A,975,B,3.57,4.0
2009-02-13 05:16:58.394,C,975,B,3.57,4.0
2009-02-13 05:16:58.394,A,976,B,3.57,9.0
2009-02-13 05:17:00.624,C,976,B,3.57,9.0
2009-02-13 05:17:00.624,A,977,B,3.57,4.0
2009-02-13 05:17:00.704,C,977,B,3.57,4.0
2009-02-13 05:17:00.704,A,978,B,3.57,9.0
2009-02-13 05:17:00.882,C,978,B,3.57,9.0
2009-02-13 05:17:00.882,A,979,B,3.57,4.0
2009-02-13 05:17:00.954,C,979,B,3.57,4.0
2009-02-13 05:17:00.954,A,980,B,3.57,9.0
2009-02-13 05:17:02.114,C,980,B,3.57,9.0
2009-02-13 05:17:02.114,A,981,B,3.57,4.0
2009-02-13 05:17:02.184,C,981,B,3.57,4.0
2009-02-13 05:17:02.184,A,982,B,3.57,9.0
2009-02-13 05:17:03.854,C,982,B,3.57,9.0
2009-02-13 05:17:03.854,A,983,B,3.57,4.0
2009-02-13 05:17:03.924,C,983,B,3.57,4.0
2009-02-13 05:17:03.924,A,984,B,3.57,9.0
2009-02-13 05:17:04.534,C,984,B,3.57,9.0
2009-02-13 05:17:04.534,A,985,B,3.57,4.0
2009-02-13 05:17:04.614,C,985,B,3.57,4.0
2009-02-13 05:17:04.614,A,986,B,3.57,9.0
2009-02-13 05:17:08.464,C,986,B,3.57,9.0
2009-02-13 05:17:08.464,A,987,B,3.57,4.0
2009-02-13 05:17:08.534,C,987,B,3.57,4.0
2009-02-13 05:17:08.534,A,988,B,3.57,9.0
2009-02-13 05:17:12.754,C,988,B,3.57,9.0
2009-02-13 05:17:12.754,A,989,B,3.57,4.0
2009-02-13 05:17:12.824,C,989,B,3.57,4.0
2009-02-13 05:17:12.824,A,990,B,3.57,9.0
2009-02-13 05:17:12.874,C,990,B,3.57,9.0
2009-02-13 05:17:12.874,A,991,B,3.57,4.0
2009-02-13 05:17:12.944,C,991,B,3.57,4.0
2009-02-13 05:17:12.944,A,992,B,3.57,9.0
2009-02-13 05:17:15.544,C,992,B,3.57,9.0
2009-02-13 05:17:15.544,A,993,B,3.57,4.0
2009-02-13 05:17:15.614,C,993,B,3.57,4.0
2009-02-13 05:17:15.614,A,994,B,3.57,9.0
2009-02-13 05:17:15.873,C,994,B,3.57,9.0
2009-02-13 05:17:15.873,A,995,B,3.57,4.0
2009-02-13 05:17:15.944,C,995,B,3.57,4.0
2009-02-13 05:17:15.944,A,996,B,3.57,9.0
2009-02-13 05:17:16.133,C,996,B,3.57,9.0
2009-02-13 05:17:16.133,A,997,B,3.57,4.0
2009-02-13 05:17:16.211,C,997,B,3.57,4.0
2009-02-13 05:17:16.211,A,998,B,3.57,9.0
2009-02-13 05:17:16.284,C,998,B,3.57,9.0
2009-02-13 05:17:16.284,A,999,B,3.57,4.0
2009-02-13 05:17:16.423,C,999,B,3.57,4.0
2009-02-13 05:17:16.423,A,1000,B,3.57,9.0
2009-02-13 05:17:16.464,C,1000,B,3.57,9.0
2009-02-13 05:17:16.464,A,1001,B,3.57,4.0
2009-02-13 05:17:16.533,C,1001,B,3.57,4.0
2009-02-13 05:17:16.533,A,1002,B,3.57,9.0
2009-02-13 05:17:17.663,C,1002,B,3.57,9.0
2009-02-13 05:17:17.663,A,1003,B,3.57,4.0
2009-02-13 05:17:17.734,C,1003,B,3.57,4.0
2009-02-13 05:17:17.734,A,1004,B,3.57,9.0
2009-02-13 05:17:21.573,C,1004,B,3.57,9.0
2009-02-13 05:17:21.573,A,1005,B,3.57,4.0
2009-02-13 05:17:21.643,C,1005,B,3.57,4.0
2009-02-13 05:17:21.643,A,1006,B,3.57,9.0
2009-02-13 05:17:34.912,C,1006,B,3.57,9.0
2009-02-13 05:17:34.912,A,1007,B,3.57,4.0
2009-02-13 05:17:34.982,C,1007,B,3.57,4.0
2009-02-13 05:17:34.982,A,1008,B,3.57,9.0
2009-02-13 05:17:37.812,C,1008,B,3.57,9.0
2009-02-13 05:17:37.812,A,1009,B,3.57,4.0
2009-02-13 05:17:37.882,C,1009,B,3.57,4.0
2009-02-13 05:17:37.882,A,1010,B,3.57,9.0
2009-02-13 05:17:57.171,C,1010,B,3.57,9.0
2009-02-13 05:17:57.171,A,1011,B,3.57,4.0
2009-02-13 05:17:57.251,C,1011,B,3.57,4.0
2009-02-13 05:17:57.251,A,1012,B,3.57,9.0
2009-02-13 05:17:57.831,C,1012,B,3.57,9.0
2009-02-13 05:17:57.831,A,1013,B,3.57,4.0
2009-02-13 05:17:57.911,C,1013,B,3.57,4.0
2009-02-13 05:17:57.911,A,1014,B,3.57,9.0
2009-02-13 05:17:58.321,C,1014,B,3.57,9.0
2009-02-13 05:17:58.321,A,1015,B,3.57,4.0
2009-02-13 05:17:58.391,C,1015,B,3.57,4.0
2009-02-13 05:17:58.391,A,1016,B,3.57,9.0
2009-02-13 05:18:00.001,C,1016,B,3.57,9.0
2009-02-13 05:18:00.001,A,1017,B,3.57,4.0
2009-02-13 05:18:00.081,C,1017,B,3.57,4.0
2009-02-13 05:18:00.081,A,1018,B,3.57,9.0
2009-02-13 05:18:15.270,C,1018,B,3.57,9.0
2009-02-13 05:18:15.270,A,1019,B,3.57,4.0
2009-02-13 05:18:15.340,C,1019,B,3.57,4.0
2009-02-13 05:18:15.340,A,1020,B,3.57,9.0
2009-02-13 05:18:20.120,C,1020,B,3.57,9.0
2009-02-13 05:18:20.120,A,1021,B,3.57,4.0
2009-02-13 05:18:20.200,C,1021,B,3.57,4.0
2009-02-13 05:18:20.200,A,1022,B,3.57,9.0
2009-02-13 05:18:37.369,C,1022,B,3.57,9.0
2009-02-13 05:18:37.369,A,1023,B,3.57,4.0
2009-02-13 05:18:37.449,C,1023,B,3.57,4.0
2009-02-13 05:18:37.449,A,1024,B,3.57,9.0
2009-02-13 05:18:37.509,C,1024,B,3.57,9.0
2009-02-13 05:18:37.509,A,1025,B,3.57,4.0
2009-02-13 05:18:37.579,C,1025,B,3.57,4.0
2009-02-13 05:18:37.579,A,1026,B,3.57,9.0
2009-02-13 05:18:38.879,C,1026,B,3.57,9.0
2009-02-13 05:18:38.879,A,1027,B,3.57,4.0
2009-02-13 05:18:38.949,C,1027,B,3.57,4.0
2009-02-13 05:18:38.949,A,1028,B,3.57,9.0
2009-02-13 05:18:39.089,C,1028,B,3.57,9.0
2009-02-13 05:18:39.089,A,1029,B,3.57,4.0
2009-02-13 05:18:39.159,C,1029,B,3.57,4.0
2009-02-13 05:18:39.159,A,1030,B,3.57,9.0
2009-02-13 05:18:39.429,C,1030,B,3.57,9.0
2009-02-13 05:18:39.429,A,1031,B,3.57,4.0
2009-02-13 05:18:39.499,C,1031,B,3.57,4.0
2009-02-13 05:18:39.499,A,1032,B,3.57,9.0
2009-02-13 05:18:39.626,C,1032,B,3.57,9.0
2009-02-13 05:18:39.626,A,1033,B,3.57,4.0
2009-02-13 05:18:39.699,C,1033,B,3.57,4.0
2009-02-13 05:18:39.699,A,1034,B,3.57,9.0
2009-02-13 05:18:42.899,C,1034,B,3.57,9.0
2009-02-13 05:18:42.899,A,1035,B,3.57,4.0
2009-02-13 05:18:42.969,C,1035,B,3.57,4.0
2009-02-13 05:18:42.969,A,1036,B,3.57,9.0
2009-02-13 05:18:43.359,C,1036,B,3.57,9.0
2009-02-13 05:18:43.359,A,1037,B,3.57,4.0
2009-02-13 05:18:43.429,C,1037,B,3.57,4.0
2009-02-13 05:18:43.429,A,1038,B,3.57,9.0
2009-02-13 05:19:17.847,C,1038,B,3.57,9.0
2009-02-13 05:19:17.847,A,1039,B,3.57,4.0
2009-02-13 05:19:17.917,C,1039,B,3.57,4.0
2009-02-13 05:19:17.917,A,1040,B,3.57,9.0
2009-02-13 05:19:23.507,C,1040,B,3.57,9.0
2009-02-13 05:19:23.507,A,1041,B,3.57,4.0
2009-02-13 05:19:23.576,C,1041,B,3.57,4.0
2009-02-13 05:19:23.576,A,1042,B,3.57,9.0
2009-02-13 05:19:35.356,C,1042,B,3.57,9.0
2009-02-13 05:19:35.356,A,1043,B,3.57,4.0
2009-02-13 05:19:35.426,C,1043,B,3.57,4.0
2009-02-13 05:19:35.426,A,1044,B,3.57,9.0
2009-02-13 05:19:58.835,C,1044,B,3.57,9.0
2009-02-13 05:19:58.835,A,1045,B,3.57,4.0
2009-02-13 05:19:58.905,C,1045,B,3.57,4.0
2009-02-13 05:19:58.905,A,1046,B,3.57,9.0
2009-02-13 05:19:59.625,C,1046,B,3.57,9.0
2009-02-13 05:19:59.625,A,1047,B,3.57,4.0
2009-02-13 05:19:59.695,C,1047,B,3.57,4.0
2009-02-13 05:19:59.695,A,1048,B,3.57,9.0
2009-02-13 05:20:09.614,C,1048,B,3.57,9.0
2009-02-13 05:20:09.614,A,1049,B,3.57,4.0
2009-02-13 05:20:09.684,C,1049,B,3.57,4.0
2009-02-13 05:20:09.684,A,1050,B,3.57,9.0
2009-02-13 05:20:25.124,C,1050,B,3.57,9.0
2009-02-13 05:20:25.124,A,1051,B,3.57,4.0
2009-02-13 05:20:25.204,C,1051,B,3.57,4.0
2009-02-13 05:20:25.204,A,1052,B,3.57,9.0
2009-02-13 05:20:40.142,C,1052,B,3.57,9.0
2009-02-13 05:20:40.142,A,1053,B,3.57,4.0
2009-02-13 05:20:40.223,C,1053,B,3.57,4.0
2009-02-13 05:20:40.223,A,1054,B,3.57,9.0
2009-02-13 05:20:54.382,C,1054,B,3.57,9.0
2009-02-13 05:20:54.382,A,1055,B,3.57,4.0
2009-02-13 05:20:54.452,C,1055,B,3.57,4.0
2009-02-13 05:20:54.452,A,1056,B,3.57,9.0
2009-02-13 05:21:16.450,C,1056,B,3.57,9.0
2009-02-13 05:21:16.450,A,1057,B,3.57,4.0
2009-02-13 05:21:16.521,C,1057,B,3.57,4.0
2009-02-13 05:21:16.521,A,1058,B,3.57,9.0
2009-02-13 05:21:17.800,C,1058,B,3.57,9.0
2009-02-13 05:21:17.800,A,1059,B,3.58,1.0
2009-02-13 05:21:28.900,C,1059,B,3.58,1.0
2009-02-13 05:21:28.900,A,1060,B,3.57,4.0
2009-02-13 05:52:12.802,C,1060,B,3.57,4.0
2009-02-13 05:52:12.802,A,1061,B,3.59,3.0
2009-02-13 06:00:23.656,C,1061,B,3.59,3.0
2009-02-13 06:00:23.656,A,1062,B,3.57,4.0
2009-02-13 06:02:15.490,C,1062,B,3.57,4.0
2009-02-13 06:02:15.490,A,1063,B,3.58,5.0
2009-02-13 06:02:30.320,C,1063,B,3.58,5.0
2009-02-13 06:02:30.320,A,1064,B,3.57,4.0
2009-02-13 06:02:30.390,C,1064,B,3.57,4.0
2009-02-13 06:02:30.390,A,1065,B,3.58,5.0
2009-02-13 06:02:30.690,C,1065,B,3.58,5.0
2009-02-13 06:02:30.690,A,1066,B,3.57,4.0
2009-02-13 06:02:30.760,C,1066,B,3.57,4.0
2009-02-13 06:02:30.760,A,1067,B,3.58,5.0
2009-02-13 06:02:30.850,C,1067,B,3.58,5.0
2009-02-13 06:02:30.850,A,1068,B,3.57,4.0
2009-02-13 06:02:30.920,C,1068,B,3.57,4.0
2009-02-13 06:02:30.920,A,1069,B,3.58,5.0
2009-02-13 06:02:35.399,C,1069,B,3.58,5.0
2009-02-13 06:02:35.399,A,1070,B,3.57,4.0
2009-02-13 06:02:35.479,C,1070,B,3.57,4.0
2009-02-13 06:02:35.479,A,1071,B,3.58,5.0
2009-02-13 06:02:49.888,C,1071,B,3.58,5.0
2009-02-13 06:02:49.888,A,1072,B,3.57,4.0
2009-02-13 06:02:49.958,C,1072,B,3.57,4.0
2009-02-13 06:02:49.958,A,1073,B,3.58,5.0
2009-02-13 06:03:00.339,C,1073,B,3.58,5.0
2009-02-13 06:03:00.339,A,1074,B,3.57,4.0
2009-02-13 06:03:00.408,C,1074,B,3.57,4.0
2009-02-13 06:03:00.408,A,1075,B,3.57,9.0
2009-02-13 06:03:01.338,C,1075,B,3.57,9.0
2009-02-13 06:03:01.338,A,1076,B,3.57,4.0
2009-02-13 06:03:01.418,C,1076,B,3.57,4.0
2009-02-13 06:03:01.418,A,1077,B,3.57,9.0
2009-02-13 06:03:02.348,C,1077,B,3.57,9.0
2009-02-13 06:03:02.348,A,1078,B,3.57,4.0
2009-02-13 06:03:02.418,C,1078,B,3.57,4.0
2009-02-13 06:03:02.418,A,1079,B,3.57,9.0
2009-02-13 06:03:05.286,C,1079,B,3.57,9.0
2009-02-13 06:03:05.286,A,1080,B,3.57,4.0
2009-02-13 06:03:05.355,C,1080,B,3.57,4.0
2009-02-13 06:03:05.355,A,1081,B,3.57,9.0
2009-02-13 06:03:06.008,C,1081,B,3.57,9.0
2009-02-13 06:03:06.008,A,1082,B,3.57,4.0
2009-02-13 06:03:06.078,C,1082,B,3.57,4.0
2009-02-13 06:03:06.078,A,1083,B,3.57,9.0
2009-02-13 06:03:06.138,C,1083,B,3.57,9.0
2009-02-13 06:03:06.138,A,1084,B,3.57,4.0
2009-02-13 06:03:06.208,C,1084,B,3.57,4.0
2009-02-13 06:03:06.208,A,1085,B,3.57,9.0
2009-02-13 06:03:06.698,C,1085,B,3.57,9.0
2009-02-13 06:03:06.698,A,1086,B,3.57,4.0
2009-02-13 06:03:06.767,C,1086,B,3.57,4.0
2009-02-13 06:03:06.767,A,1087,B,3.57,9.0
2009-02-13 06:03:06.858,C,1087,B,3.57,9.0
2009-02-13 06:03:06.858,A,1088,B,3.57,4.0
2009-02-13 06:03:06.927,C,1088,B,3.57,4.0
2009-02-13 06:03:06.927,A,1089,B,3.57,9.0
2009-02-13 06:03:07.538,C,1089,B,3.57,9.0
2009-02-13 06:03:07.538,A,1090,B,3.57,4.0
2009-02-13 06:03:07.618,C,1090,B,3.57,4.0
2009-02-13 06:03:07.618,A,1091,B,3.57,9.0
2009-02-13 06:03:08.148,C,1091,B,3.57,9.0
2009-02-13 06:03:08.148,A,1092,B,3.57,4.0
2009-02-13 06:03:08.225,C,1092,B,3.57,4.0
2009-02-13 06:03:08.225,A,1093,B,3.57,9.0
2009-02-13 06:03:08.278,C,1093,B,3.57,9.0
2009-02-13 06:03:08.278,A,1094,B,3.57,4.0
2009-02-13 06:03:08.348,C,1094,B,3.57,4.0
2009-02-13 06:03:08.348,A,1095,B,3.57,9.0
2009-02-13 06:03:09.858,C,1095,B,3.57,9.0
2009-02-13 06:03:09.858,A,1096,B,3.57,4.0
2009-02-13 06:03:09.938,C,1096,B,3.57,4.0
2009-02-13 06:03:09.938,A,1097,B,3.57,9.0
2009-02-13 06:03:10.378,C,1097,B,3.57,9.0
2009-02-13 06:03:10.378,A,1098,B,3.57,4.0
2009-02-13 06:03:10.448,C,1098,B,3.57,4.0
2009-02-13 06:03:10.448,A,1099,B,3.57,9.0
2009-02-13 06:03:11.745,C,1099,B,3.57,9.0
2009-02-13 06:03:11.745,A,1100,B,3.57,4.0
2009-02-13 06:03:11.817,C,1100,B,3.57,4.0
2009-02-13 06:03:11.817,A,1101,B,3.57,9.0
2009-02-13 06:03:11.848,C,1101,B,3.57,9.0
2009-02-13 06:03:11.848,A,1102,B,3.57,4.0
2009-02-13 06:03:11.925,C,1102,B,3.57,4.0
2009-02-13 06:03:11.925,A,1103,B,3.57,9.0
2009-02-13 06:03:12.077,C,1103,B,3.57,9.0
2009-02-13 06:03:12.077,A,1104,B,3.57,4.0
2009-02-13 06:03:12.157,C,1104,B,3.57,4.0
2009-02-13 06:03:12.157,A,1105,B,3.57,9.0
2009-02-13 06:03:12.467,C,1105,B,3.57,9.0
2009-02-13 06:03:12.467,A,1106,B,3.57,4.0
2009-02-13 06:03:12.618,C,1106,B,3.57,4.0
2009-02-13 06:03:12.618,A,1107,B,3.57,9.0
2009-02-13 06:03:13.365,C,1107,B,3.57,9.0
2009-02-13 06:03:13.365,A,1108,B,3.57,4.0
2009-02-13 06:03:13.427,C,1108,B,3.57,4.0
2009-02-13 06:03:13.427,A,1109,B,3.57,9.0
2009-02-13 06:03:15.867,C,1109,B,3.57,9.0
2009-02-13 06:03:15.867,A,1110,B,3.57,4.0
2009-02-13 06:03:15.947,C,1110,B,3.57,4.0
2009-02-13 06:03:15.947,A,1111,B,3.57,9.0
2009-02-13 06:03:17.367,C,1111,B,3.57,9.0
2009-02-13 06:03:17.367,A,1112,B,3.57,4.0
2009-02-13 06:03:17.437,C,1112,B,3.57,4.0
2009-02-13 06:03:17.437,A,1113,B,3.57,9.0
2009-02-13 06:03:17.847,C,1113,B,3.57,9.0
2009-02-13 06:03:17.847,A,1114,B,3.57,4.0
2009-02-13 06:03:17.917,C,1114,B,3.57,4.0
2009-02-13 06:03:17.917,A,1115,B,3.57,9.0
2009-02-13 06:03:18.087,C,1115,B,3.57,9.0
2009-02-13 06:03:18.087,A,1116,B,3.57,4.0
2009-02-13 06:03:18.157,C,1116,B,3.57,4.0
2009-02-13 06:03:18.157,A,1117,B,3.57,9.0
2009-02-13 06:03:18.277,C,1117,B,3.57,9.0
2009-02-13 06:03:18.277,A,1118,B,3.57,4.0
2009-02-13 06:03:18.347,C,1118,B,3.57,4.0
2009-02-13 06:03:18.347,A,1119,B,3.57,9.0
2009-02-13 06:03:22.637,C,1119,B,3.57,9.0
2009-02-13 06:03:22.637,A,1120,B,3.57,4.0
2009-02-13 06:03:22.707,C,1120,B,3.57,4.0
2009-02-13 06:03:22.707,A,1121,B,3.57,9.0
2009-02-13 06:03:27.177,C,1121,B,3.57,9.0
2009-02-13 06:03:27.177,A,1122,B,3.57,4.0
2009-02-13 06:03:27.246,C,1122,B,3.57,4.0
2009-02-13 06:03:27.246,A,1123,B,3.57,9.0
2009-02-13 06:03:29.597,C,1123,B,3.57,9.0
2009-02-13 06:03:29.597,A,1124,B,3.57,4.0
2009-02-13 06:03:29.666,C,1124,B,3.57,4.0
2009-02-13 06:03:29.666,A,1125,B,3.57,9.0
2009-02-13 06:03:30.456,C,1125,B,3.57,9.0
2009-02-13 06:03:30.456,A,1126,B,3.57,4.0
2009-02-13 06:03:30.537,C,1126,B,3.57,4.0
2009-02-13 06:03:30.537,A,1127,B,3.57,9.0
2009-02-13 06:03:36.519,C,1127,B,3.57,9.0
2009-02-13 06:03:36.519,A,1128,B,3.57,4.0
2009-02-13 06:03:36.586,C,1128,B,3.57,4.0
2009-02-13 06:03:36.586,A,1129,B,3.57,9.0
2009-02-13 06:03:39.466,C,1129,B,3.57,9.0
2009-02-13 06:03:39.466,A,1130,B,3.57,4.0
2009-02-13 06:03:39.536,C,1130,B,3.57,4.0
2009-02-13 06:03:39.536,A,1131,B,3.57,9.0
2009-02-13 06:03:46.736,C,1131,B,3.57,9.0
2009-02-13 06:03:46.736,A,1132,B,3.57,4.0
2009-02-13 06:03:46.806,C,1132,B,3.57,4.0
2009-02-13 06:03:46.806,A,1133,B,3.57,9.0
2009-02-13 06:04:00.515,C,1133,B,3.57,9.0
2009-02-13 06:04:00.515,A,1134,B,3.57,4.0
2009-02-13 06:04:00.595,C,1134,B,3.57,4.0
2009-02-13 06:04:00.595,A,1135,B,3.57,9.0
2009-02-13 06:04:04.858,C,1135,B,3.57,9.0
2009-02-13 06:04:04.858,A,1136,B,3.57,4.0
2009-02-13 06:04:04.930,C,1136,B,3.57,4.0
2009-02-13 06:04:04.930,A,1137,B,3.57,9.0
2009-02-13 06:04:06.015,C,1137,B,3.57,9.0
2009-02-13 06:04:06.015,A,1138,B,3.57,4.0
2009-02-13 06:04:06.084,C,1138,B,3.57,4.0
2009-02-13 06:04:06.084,A,1139,B,3.57,9.0
2009-02-13 06:04:06.355,C,1139,B,3.57,9.0
2009-02-13 06:04:06.355,A,1140,B,3.57,4.0
2009-02-13 06:04:06.435,C,1140,B,3.57,4.0
2009-02-13 06:04:06.435,A,1141,B,3.57,9.0
2009-02-13 06:04:17.374,C,1141,B,3.57,9.0
2009-02-13 06:04:17.374,A,1142,B,3.57,4.0
2009-02-13 06:04:17.444,C,1142,B,3.57,4.0
2009-02-13 06:04:17.444,A,1143,B,3.57,9.0
2009-02-13 06:04:23.344,C,1143,B,3.57,9.0
2009-02-13 06:04:23.344,A,1144,B,3.57,4.0
2009-02-13 06:04:23.414,C,1144,B,3.57,4.0
2009-02-13 06:04:23.414,A,1145,B,3.57,9.0
2009-02-13 06:04:29.853,C,1145,B,3.57,9.0
2009-02-13 06:04:29.853,A,1146,B,3.57,4.0
2009-02-13 06:04:29.924,C,1146,B,3.57,4.0
2009-02-13 06:04:29.924,A,1147,B,3.57,9.0
2009-02-13 06:04:39.613,C,1147,B,3.57,9.0
2009-02-13 06:04:39.613,A,1148,B,3.57,4.0
2009-02-13 06:04:39.683,C,1148,B,3.57,4.0
2009-02-13 06:04:39.683,A,1149,B,3.57,9.0
2009-02-13 06:04:40.613,C,1149,B,3.57,9.0
2009-02-13 06:04:40.613,A,1150,B,3.57,4.0
2009-02-13 06:04:40.693,C,1150,B,3.57,4.0
2009-02-13 06:04:40.693,A,1151,B,3.57,9.0
2009-02-13 06:04:47.932,C,1151,B,3.57,9.0
2009-02-13 06:04:47.932,A,1152,B,3.57,4.0
2009-02-13 06:04:48.012,C,1152,B,3.57,4.0
2009-02-13 06:04:48.012,A,1153,B,3.57,9.0
2009-02-13 06:04:53.132,C,1153,B,3.57,9.0
2009-02-13 06:04:53.132,A,1154,B,3.57,4.0
2009-02-13 06:04:53.202,C,1154,B,3.57,4.0
2009-02-13 06:04:53.202,A,1155,B,3.57,9.0
2009-02-13 06:05:04.131,C,1155,B,3.57,9.0
2009-02-13 06:05:04.131,A,1156,B,3.58,5.0
2009-02-13 06:05:08.854,C,1156,B,3.58,5.0
2009-02-13 06:05:08.854,A,1157,B,3.57,4.0
2009-02-13 06:05:08.921,C,1157,B,3.57,4.0
2009-02-13 06:05:08.921,A,1158,B,3.58,5.0
2009-02-13 06:05:10.301,C,1158,B,3.58,5.0
2009-02-13 06:05:10.301,A,1159,B,3.57,4.0
2009-02-13 06:05:10.371,C,1159,B,3.57,4.0
2009-02-13 06:05:10.371,A,1160,B,3.58,5.0
2009-02-13 06:05:13.771,C,1160,B,3.58,5.0
2009-02-13 06:05:13.771,A,1161,B,3.57,4.0
2009-02-13 06:05:13.841,C,1161,B,3.57,4.0
2009-02-13 06:05:13.841,A,1162,B,3.58,5.0
2009-02-13 06:05:19.011,C,1162,B,3.58,5.0
2009-02-13 06:05:19.011,A,1163,B,3.57,4.0
2009-02-13 06:05:19.080,C,1163,B,3.57,4.0
2009-02-13 06:05:19.080,A,1164,B,3.57,9.0
2009-02-13 06:05:19.361,C,1164,B,3.57,9.0
2009-02-13 06:05:19.361,A,1165,B,3.57,4.0
2009-02-13 06:05:19.431,C,1165,B,3.57,4.0
2009-02-13 06:05:19.431,A,1166,B,3.57,9.0
2009-02-13 06:05:21.650,C,1166,B,3.57,9.0
2009-02-13 06:05:21.650,A,1167,B,3.57,4.0
2009-02-13 06:05:21.721,C,1167,B,3.57,4.0
2009-02-13 06:05:21.721,A,1168,B,3.57,9.0
2009-02-13 06:05:23.510,C,1168,B,3.57,9.0
2009-02-13 06:05:23.510,A,1169,B,3.57,4.0
2009-02-13 06:05:23.580,C,1169,B,3.57,4.0
2009-02-13 06:05:23.580,A,1170,B,3.57,9.0
2009-02-13 06:05:25.440,C,1170,B,3.57,9.0
2009-02-13 06:05:25.440,A,1171,B,3.57,4.0
2009-02-13 06:05:25.510,C,1171,B,3.57,4.0
2009-02-13 06:05:25.510,A,1172,B,3.57,9.0
2009-02-13 06:05:27.350,C,1172,B,3.57,9.0
2009-02-13 06:05:27.350,A,1173,B,3.57,4.0
2009-02-13 06:05:27.421,C,1173,B,3.57,4.0
2009-02-13 06:05:27.421,A,1174,B,3.57,9.0
2009-02-13 06:05:34.160,C,1174,B,3.57,9.0
2009-02-13 06:05:34.160,A,1175,B,3.57,4.0
2009-02-13 06:05:34.230,C,1175,B,3.57,4.0
2009-02-13 06:05:34.230,A,1176,B,3.57,9.0
2009-02-13 06:05:34.246,C,1176,B,3.57,9.0
2009-02-13 06:05:34.246,A,1177,B,3.57,4.0
2009-02-13 06:05:34.310,C,1177,B,3.57,4.0
2009-02-13 06:05:34.310,A,1178,B,3.57,9.0
2009-02-13 06:05:46.629,C,1178,B,3.57,9.0
2009-02-13 06:05:46.629,A,1179,B,3.58,5.0
