timestamp,ticker,bid_price,bid_size,ask_price,ask_size,exchange
2009-02-13 04:12:37.098,C,3.54,15.0,3.63,10.0,P
2009-02-13 04:12:48.388,C,3.54,15.0,3.63,10.0,P
2009-02-13 04:12:48.598,C,3.54,15.0,3.63,10.0,P
2009-02-13 04:12:49.198,C,3.54,15.0,3.63,10.0,P
2009-02-13 04:12:59.677,C,3.54,15.0,3.63,10.0,P
2009-02-13 04:13:04.927,C,3.54,15.0,3.63,10.0,P
2009-02-13 04:13:05.927,C,3.54,15.0,3.63,10.0,P
2009-02-13 04:13:13.540,C,3.54,15.0,3.63,10.0,P
2009-02-13 04:13:14.086,C,3.54,15.0,3.63,10.0,P
2009-02-13 04:13:14.197,C,3.54,15.0,3.63,10.0,P
2009-02-13 04:13:37.755,C,3.54,15.0,3.63,10.0,P
2009-02-13 04:13:42.155,C,3.54,15.0,3.64,10.0,P
2009-02-13 04:13:44.615,C,3.54,15.0,3.63,10.0,P
2009-02-13 04:13:45.585,C,3.54,15.0,3.64,10.0,P
2009-02-13 04:13:46.215,C,3.54,15.0,3.64,10.0,P
2009-02-13 04:13:53.135,C,3.54,15.0,3.64,10.0,P
2009-02-13 04:13:54.705,C,3.54,15.0,3.64,10.0,P
2009-02-13 04:13:55.784,C,3.54,15.0,3.63,10.0,P
2009-02-13 04:13:55.984,C,3.54,15.0,3.63,10.0,P
2009-02-13 04:13:56.184,C,3.54,15.0,3.63,10.0,P
2009-02-13 04:13:57.084,C,3.54,15.0,3.63,10.0,P
2009-02-13 04:14:00.264,C,3.54,15.0,3.63,10.0,P
2009-02-13 04:14:03.504,C,3.54,15.0,3.63,10.0,P
2009-02-13 04:14:03.914,C,3.54,15.0,3.64,10.0,P
2009-02-13 04:14:04.174,C,3.54,15.0,3.64,10.0,P
2009-02-13 04:14:08.614,C,3.54,15.0,3.63,10.0,P
2009-02-13 04:14:08.954,C,3.54,15.0,3.63,10.0,P
2009-02-13 04:14:24.883,C,3.54,15.0,3.63,10.0,P
2009-02-13 04:14:27.193,C,3.54,15.0,3.63,10.0,P
2009-02-13 04:14:30.242,C,3.54,15.0,3.63,10.0,P
2009-02-13 04:14:34.422,C,3.54,15.0,3.63,10.0,P
2009-02-13 04:14:42.072,C,3.54,15.0,3.63,10.0,P
2009-02-13 04:14:43.292,C,3.54,15.0,3.63,10.0,P
2009-02-13 04:14:44.432,C,3.54,15.0,3.63,10.0,P
2009-02-13 04:14:45.322,C,3.54,15.0,3.63,10.0,P
2009-02-13 04:14:50.272,C,3.54,15.0,3.63,10.0,P
2009-02-13 04:15:09.701,C,3.54,15.0,3.63,10.0,P
2009-02-13 04:15:11.520,C,3.54,15.0,3.64,5.0,P
2009-02-13 04:15:11.600,C,3.54,15.0,3.63,5.0,P
2009-02-13 04:15:11.670,C,3.54,15.0,3.94,17.0,P
2009-02-13 04:15:11.740,C,3.54,15.0,3.65,5.0,P
2009-02-13 04:15:17.620,C,3.52,20.0,3.94,17.0,P
2009-02-13 04:15:17.690,C,3.54,15.0,3.65,5.0,P
2009-02-13 04:15:22.340,C,3.54,15.0,3.63,5.0,P
2009-02-13 04:15:26.719,C,3.55,10.0,3.63,5.0,P
2009-02-13 04:15:45.489,C,3.55,10.0,3.94,17.0,P
2009-02-13 04:15:45.559,C,3.55,10.0,3.63,5.0,P
2009-02-13 04:15:48.908,C,3.55,10.0,3.94,17.0,P
2009-02-13 04:15:48.979,C,3.55,10.0,3.63,5.0,P
2009-02-13 04:15:54.948,C,3.55,10.0,3.94,17.0,P
2009-02-13 04:15:55.018,C,3.55,10.0,3.63,5.0,P
2009-02-13 04:16:02.848,C,3.55,10.0,3.94,17.0,P
2009-02-13 04:16:02.918,C,3.55,10.0,3.63,5.0,P
2009-02-13 04:16:13.597,C,3.55,10.0,3.94,17.0,P
2009-02-13 04:16:13.667,C,3.55,10.0,3.63,5.0,P
2009-02-13 04:16:28.826,C,3.55,10.0,3.94,17.0,P
2009-02-13 04:16:28.906,C,3.55,10.0,3.63,5.0,P
2009-02-13 04:16:29.316,C,3.55,10.0,3.94,17.0,P
2009-02-13 04:16:29.396,C,3.55,10.0,3.63,5.0,P
2009-02-13 04:16:29.636,C,3.55,10.0,3.94,17.0,P
2009-02-13 04:16:29.706,C,3.55,10.0,3.63,5.0,P
2009-02-13 04:16:29.868,C,3.55,10.0,3.94,17.0,P
2009-02-13 04:16:29.936,C,3.55,10.0,3.63,5.0,P
2009-02-13 04:16:30.366,C,3.55,10.0,3.64,5.0,P
2009-02-13 04:16:30.376,C,3.55,10.0,3.94,17.0,P
2009-02-13 04:16:30.452,C,3.55,10.0,3.63,5.0,P
2009-02-13 04:16:31.906,C,3.55,10.0,3.94,17.0,P
2009-02-13 04:16:31.976,C,3.55,10.0,3.63,5.0,P
2009-02-13 04:17:03.855,C,3.55,10.0,3.94,17.0,P
2009-02-13 04:17:03.935,C,3.55,10.0,3.63,5.0,P
2009-02-13 04:17:12.112,C,3.55,10.0,3.94,17.0,P
2009-02-13 04:17:12.184,C,3.55,10.0,3.63,5.0,P
2009-02-13 04:17:12.334,C,3.55,10.0,3.64,5.0,P
2009-02-13 04:17:12.344,C,3.55,10.0,3.94,17.0,P
2009-02-13 04:17:12.414,C,3.55,10.0,3.63,5.0,P
2009-02-13 04:17:12.494,C,3.55,10.0,3.94,17.0,P
2009-02-13 04:17:12.564,C,3.55,10.0,3.63,5.0,P
2009-02-13 04:17:12.824,C,3.55,10.0,3.94,17.0,P
2009-02-13 04:17:12.904,C,3.55,10.0,3.63,5.0,P
2009-02-13 04:17:29.761,C,3.55,10.0,3.94,17.0,P
2009-02-13 04:17:29.824,C,3.55,10.0,3.63,5.0,P
2009-02-13 04:17:36.253,C,3.63,5.0,3.94,17.0,P
2009-02-13 04:17:36.333,C,3.63,5.0,3.64,5.0,P
2009-02-13 04:17:39.003,C,3.63,5.0,3.94,17.0,P
2009-02-13 04:17:39.073,C,3.63,5.0,3.65,5.0,P
2009-02-13 04:17:47.032,C,3.63,5.0,3.64,5.0,P
2009-02-13 04:17:50.252,C,3.61,5.0,3.64,5.0,P
2009-02-13 04:17:50.482,C,3.59,5.0,3.64,5.0,P
2009-02-13 04:17:53.512,C,3.55,10.0,3.64,5.0,P
2009-02-13 04:17:53.522,C,3.57,5.0,3.64,5.0,P
2009-02-13 04:17:53.731,C,3.55,15.0,3.64,5.0,P
2009-02-13 04:18:17.411,C,3.55,15.0,3.94,17.0,P
2009-02-13 04:18:17.491,C,3.55,15.0,3.64,5.0,P
2009-02-13 04:18:18.501,C,3.55,15.0,3.94,17.0,P
2009-02-13 04:18:18.571,C,3.55,15.0,3.64,5.0,P
2009-02-13 04:18:18.831,C,3.55,15.0,3.94,17.0,P
2009-02-13 04:18:18.901,C,3.55,15.0,3.64,5.0,P
2009-02-13 04:18:21.600,C,3.55,15.0,3.94,17.0,P
2009-02-13 04:18:21.681,C,3.55,15.0,3.64,5.0,P
2009-02-13 04:18:22.511,C,3.55,15.0,3.94,17.0,P
2009-02-13 04:18:22.581,C,3.55,15.0,3.64,5.0,P
2009-02-13 04:18:22.621,C,3.55,15.0,3.94,17.0,P
2009-02-13 04:18:22.691,C,3.55,15.0,3.64,5.0,P
2009-02-13 04:18:27.620,C,3.55,15.0,3.94,17.0,P
2009-02-13 04:18:27.690,C,3.55,15.0,3.64,5.0,P
2009-02-13 04:18:28.430,C,3.55,15.0,3.94,17.0,P
2009-02-13 04:18:28.500,C,3.55,15.0,3.64,5.0,P
2009-02-13 04:18:28.890,C,3.55,15.0,3.94,17.0,P
2009-02-13 04:18:28.970,C,3.55,15.0,3.64,5.0,P
2009-02-13 04:18:30.120,C,3.55,15.0,3.94,17.0,P
2009-02-13 04:18:30.200,C,3.55,15.0,3.64,5.0,P
2009-02-13 04:18:30.600,C,3.55,15.0,3.94,17.0,P
2009-02-13 04:18:30.671,C,3.55,15.0,3.64,5.0,P
2009-02-13 04:19:08.328,C,3.55,15.0,3.94,17.0,P
2009-02-13 04:19:08.408,C,3.55,15.0,3.64,5.0,P
2009-02-13 04:19:14.238,C,3.55,15.0,3.94,17.0,P
2009-02-13 04:19:14.308,C,3.55,15.0,3.64,5.0,P
2009-02-13 04:19:21.827,C,3.55,15.0,3.94,17.0,P
2009-02-13 04:19:21.907,C,3.55,15.0,3.64,5.0,P
2009-02-13 04:19:22.657,C,3.55,15.0,3.94,17.0,P
2009-02-13 04:19:22.728,C,3.55,15.0,3.64,5.0,P
2009-02-13 04:19:31.887,C,3.55,15.0,3.94,17.0,P
2009-02-13 04:19:31.957,C,3.55,15.0,3.64,5.0,P
2009-02-13 04:19:34.146,C,3.55,15.0,3.94,17.0,P
2009-02-13 04:19:34.217,C,3.55,15.0,3.64,5.0,P
2009-02-13 04:19:43.346,C,3.55,15.0,3.94,17.0,P
2009-02-13 04:19:43.427,C,3.55,15.0,3.64,5.0,P
2009-02-13 04:19:53.926,C,3.55,15.0,3.94,17.0,P
2009-02-13 04:19:53.996,C,3.55,15.0,3.64,5.0,P
2009-02-13 04:19:54.006,C,3.55,15.0,3.94,17.0,P
2009-02-13 04:19:54.076,C,3.55,15.0,3.64,5.0,P
2009-02-13 04:20:02.125,C,3.55,15.0,3.94,17.0,P
2009-02-13 04:20:02.195,C,3.55,15.0,3.64,5.0,P
2009-02-13 04:20:04.835,C,3.55,15.0,3.94,17.0,P
2009-02-13 04:20:04.905,C,3.55,15.0,3.64,5.0,P
2009-02-13 04:20:18.004,C,3.55,15.0,3.94,17.0,P
2009-02-13 04:20:18.074,C,3.55,15.0,3.64,5.0,P
2009-02-13 04:20:19.154,C,3.55,15.0,3.94,17.0,P
2009-02-13 04:20:19.224,C,3.55,15.0,3.64,5.0,P
2009-02-13 04:20:19.914,C,3.55,15.0,3.94,17.0,P
2009-02-13 04:20:19.984,C,3.55,15.0,3.64,5.0,P
2009-02-13 04:20:22.104,C,3.55,15.0,3.94,17.0,P
2009-02-13 04:20:22.184,C,3.55,15.0,3.64,5.0,P
2009-02-13 04:20:22.874,C,3.55,15.0,3.94,17.0,P
2009-02-13 04:20:22.944,C,3.55,15.0,3.64,5.0,P
2009-02-13 04:20:24.614,C,3.55,15.0,3.94,17.0,P
2009-02-13 04:20:24.684,C,3.55,15.0,3.64,5.0,P
2009-02-13 04:20:28.594,C,3.55,15.0,3.94,17.0,P
2009-02-13 04:20:28.674,C,3.55,15.0,3.64,5.0,P
2009-02-13 04:20:30.614,C,3.55,15.0,3.94,17.0,P
2009-02-13 04:20:30.694,C,3.55,15.0,3.64,5.0,P
2009-02-13 04:20:33.844,C,3.55,15.0,3.94,17.0,P
2009-02-13 04:20:33.924,C,3.55,15.0,3.64,5.0,P
2009-02-13 04:20:38.883,C,3.55,15.0,3.94,17.0,P
2009-02-13 04:20:38.953,C,3.55,15.0,3.64,5.0,P
2009-02-13 04:20:45.103,C,3.55,15.0,3.94,17.0,P
2009-02-13 04:20:45.173,C,3.55,15.0,3.64,5.0,P
2009-02-13 04:20:45.863,C,3.55,15.0,3.94,17.0,P
2009-02-13 04:20:45.933,C,3.55,15.0,3.64,5.0,P
2009-02-13 04:20:53.673,C,3.55,15.0,3.94,17.0,P
2009-02-13 04:20:53.743,C,3.55,15.0,3.64,5.0,P
2009-02-13 04:20:59.360,C,3.55,15.0,3.94,17.0,P
2009-02-13 04:20:59.432,C,3.55,15.0,3.64,5.0,P
2009-02-13 04:21:00.162,C,3.55,15.0,3.94,17.0,P
2009-02-13 04:21:00.232,C,3.55,15.0,3.64,5.0,P
2009-02-13 04:21:02.122,C,3.55,15.0,3.94,17.0,P
2009-02-13 04:21:02.192,C,3.55,15.0,3.64,5.0,P
2009-02-13 04:21:03.690,C,3.55,15.0,3.94,17.0,P
2009-02-13 04:21:03.760,C,3.55,15.0,3.64,5.0,P
2009-02-13 04:21:06.502,C,3.55,10.0,3.65,5.0,P
2009-02-13 04:21:06.631,C,3.55,10.0,3.63,5.0,P
2009-02-13 04:21:14.282,C,3.55,10.0,3.94,17.0,P
2009-02-13 04:21:14.352,C,3.55,10.0,3.63,5.0,P
2009-02-13 04:21:17.107,C,3.55,10.0,3.63,10.0,P
2009-02-13 04:21:46.389,C,3.55,10.0,3.64,5.0,P
2009-02-13 04:21:46.529,C,3.55,10.0,3.94,17.0,P
2009-02-13 04:21:46.599,C,3.55,10.0,3.65,5.0,P
2009-02-13 04:21:57.839,C,3.55,10.0,3.64,5.0,P
2009-02-13 04:22:05.099,C,3.55,10.0,3.94,17.0,P
2009-02-13 04:22:05.169,C,3.55,10.0,3.64,5.0,P
2009-02-13 04:23:03.375,C,3.55,30.0,3.64,5.0,P
2009-02-13 04:23:10.965,C,3.56,20.0,3.64,5.0,P
2009-02-13 04:23:12.455,C,3.55,10.0,3.94,17.0,P
2009-02-13 04:23:12.525,C,3.55,15.0,3.64,5.0,P
2009-02-13 04:23:12.535,C,3.56,20.0,3.64,5.0,P
2009-02-13 04:23:15.683,C,3.55,10.0,3.94,17.0,P
2009-02-13 04:23:15.755,C,3.56,20.0,3.64,5.0,P
2009-02-13 04:23:15.835,C,3.55,10.0,3.94,17.0,P
2009-02-13 04:23:15.905,C,3.56,20.0,3.64,5.0,P
2009-02-13 04:23:21.624,C,3.56,20.0,3.65,5.0,P
2009-02-13 04:23:28.994,C,3.55,10.0,3.94,17.0,P
2009-02-13 04:23:29.064,C,3.56,20.0,3.65,5.0,P
2009-02-13 04:23:36.164,C,3.55,10.0,3.94,17.0,P
2009-02-13 04:23:36.234,C,3.56,20.0,3.65,5.0,P
2009-02-13 04:23:37.433,C,3.6,5.0,3.65,5.0,P
2009-02-13 04:23:42.624,C,3.6,5.0,3.94,17.0,P
2009-02-13 04:23:42.694,C,3.6,5.0,3.65,5.0,P
2009-02-13 04:23:46.664,C,3.6,5.0,3.94,17.0,P
2009-02-13 04:23:46.734,C,3.6,5.0,3.65,5.0,P
2009-02-13 04:23:48.503,C,3.6,5.0,3.94,17.0,P
2009-02-13 04:23:48.583,C,3.6,5.0,3.65,5.0,P
2009-02-13 04:23:48.613,C,3.6,5.0,3.94,17.0,P
2009-02-13 04:23:48.694,C,3.6,5.0,3.65,5.0,P
2009-02-13 04:23:52.933,C,3.6,5.0,3.94,17.0,P
2009-02-13 04:23:53.003,C,3.6,5.0,3.65,5.0,P
2009-02-13 04:24:13.082,C,3.6,5.0,3.63,5.0,P
2009-02-13 04:24:18.622,C,3.6,5.0,3.94,17.0,P
2009-02-13 04:24:18.692,C,3.6,5.0,3.64,5.0,P
2009-02-13 04:24:20.572,C,3.6,5.0,3.94,17.0,P
2009-02-13 04:24:20.579,C,3.6,5.0,3.63,5.0,P
2009-02-13 04:24:29.711,C,3.6,5.0,3.94,17.0,P
2009-02-13 04:24:29.791,C,3.6,5.0,3.64,5.0,P
2009-02-13 04:24:48.140,C,3.6,5.0,3.65,5.0,P
2009-02-13 04:24:48.220,C,3.6,5.0,3.64,5.0,P
2009-02-13 04:24:54.370,C,3.6,5.0,3.94,17.0,P
2009-02-13 04:24:54.440,C,3.6,5.0,3.65,5.0,P
2009-02-13 04:24:55.020,C,3.6,5.0,3.94,17.0,P
2009-02-13 04:24:55.090,C,3.6,5.0,3.65,5.0,P
2009-02-13 04:24:55.130,C,3.6,5.0,3.94,17.0,P
2009-02-13 04:24:55.210,C,3.6,5.0,3.65,5.0,P
2009-02-13 04:24:58.379,C,3.6,5.0,3.64,5.0,P
2009-02-13 04:24:59.709,C,3.6,5.0,3.65,5.0,P
2009-02-13 04:25:03.139,C,3.6,5.0,3.64,5.0,P
2009-02-13 04:25:13.619,C,3.6,5.0,3.94,17.0,P
2009-02-13 04:25:13.699,C,3.6,5.0,3.64,5.0,P
2009-02-13 04:25:13.879,C,3.6,5.0,3.94,17.0,P
2009-02-13 04:25:13.959,C,3.6,5.0,3.64,5.0,P
2009-02-13 04:25:16.126,C,3.6,5.0,3.94,17.0,P
2009-02-13 04:25:16.199,C,3.6,5.0,3.64,5.0,P
2009-02-13 04:25:21.598,C,3.6,5.0,3.94,17.0,P
2009-02-13 04:25:21.678,C,3.6,5.0,3.64,5.0,P
2009-02-13 04:25:30.618,C,3.6,5.0,3.94,17.0,P
2009-02-13 04:25:30.688,C,3.6,5.0,3.64,5.0,P
2009-02-13 04:25:33.866,C,3.6,5.0,3.94,17.0,P
2009-02-13 04:25:33.937,C,3.6,5.0,3.64,5.0,P
2009-02-13 04:25:46.127,C,3.6,5.0,3.94,17.0,P
2009-02-13 04:25:46.199,C,3.6,5.0,3.64,5.0,P
2009-02-13 04:25:51.517,C,3.6,5.0,3.94,17.0,P
2009-02-13 04:25:51.597,C,3.6,5.0,3.64,5.0,P
2009-02-13 04:25:58.546,C,3.6,5.0,3.94,17.0,P
2009-02-13 04:25:58.627,C,3.6,5.0,3.64,5.0,P
2009-02-13 04:26:12.846,C,3.6,5.0,3.94,17.0,P
2009-02-13 04:26:12.916,C,3.6,5.0,3.64,5.0,P
2009-02-13 04:26:18.895,C,3.6,5.0,3.94,17.0,P
2009-02-13 04:26:18.975,C,3.6,5.0,3.64,5.0,P
2009-02-13 04:26:28.345,C,3.6,5.0,3.94,17.0,P
2009-02-13 04:26:28.415,C,3.6,5.0,3.64,5.0,P
2009-02-13 04:26:40.994,C,3.6,5.0,3.94,17.0,P
2009-02-13 04:26:41.074,C,3.6,5.0,3.64,5.0,P
2009-02-13 04:26:43.234,C,3.6,5.0,3.94,17.0,P
2009-02-13 04:26:43.314,C,3.6,5.0,3.64,5.0,P
2009-02-13 04:26:43.534,C,3.6,5.0,3.94,17.0,P
2009-02-13 04:26:43.604,C,3.6,5.0,3.64,5.0,P
2009-02-13 04:28:09.180,C,3.6,5.0,3.63,5.0,P
2009-02-13 04:28:25.328,C,3.6,5.0,3.65,5.0,P
2009-02-13 04:28:25.349,C,3.6,5.0,3.94,17.0,P
2009-02-13 04:28:57.147,C,3.6,5.0,3.65,5.0,P
2009-02-13 04:29:42.845,C,3.6,5.0,3.94,17.0,P
2009-02-13 04:29:42.925,C,3.6,5.0,3.65,5.0,P
2009-02-13 04:29:42.941,C,3.6,5.0,3.94,17.0,P
2009-02-13 04:29:43.015,C,3.6,5.0,3.65,5.0,P
2009-02-13 04:29:44.124,C,3.61,5.0,3.65,5.0,P
2009-02-13 04:29:47.504,C,3.61,5.0,3.94,17.0,P
2009-02-13 04:29:47.574,C,3.61,5.0,3.65,5.0,P
2009-02-13 04:29:51.624,C,3.61,5.0,3.94,17.0,P
2009-02-13 04:29:51.704,C,3.61,5.0,3.65,5.0,P
2009-02-13 04:29:51.844,C,3.61,5.0,3.94,17.0,P
2009-02-13 04:29:51.914,C,3.61,5.0,3.65,5.0,P
2009-02-13 04:29:52.614,C,3.61,5.0,3.94,17.0,P
2009-02-13 04:29:52.702,C,3.61,5.0,3.65,5.0,P
2009-02-13 04:29:59.084,C,3.61,5.0,3.94,17.0,P
2009-02-13 04:29:59.154,C,3.61,5.0,3.65,5.0,P
2009-02-13 04:30:12.583,C,3.61,5.0,3.94,17.0,P
2009-02-13 04:30:12.663,C,3.61,5.0,3.65,5.0,P
2009-02-13 04:30:14.203,C,3.61,5.0,3.94,17.0,P
2009-02-13 04:30:14.273,C,3.61,5.0,3.65,5.0,P
2009-02-13 04:30:17.493,C,3.61,5.0,3.94,17.0,P
2009-02-13 04:30:17.573,C,3.61,5.0,3.65,5.0,P
2009-02-13 04:30:19.492,C,3.61,5.0,3.94,17.0,P
2009-02-13 04:30:19.573,C,3.61,5.0,3.65,5.0,P
2009-02-13 04:30:48.341,C,3.61,5.0,3.94,17.0,P
2009-02-13 04:30:48.411,C,3.61,5.0,3.65,5.0,P
2009-02-13 04:30:48.621,C,3.61,5.0,3.94,17.0,P
2009-02-13 04:30:48.691,C,3.61,5.0,3.65,5.0,P
2009-02-13 04:30:51.131,C,3.61,5.0,3.94,17.0,P
2009-02-13 04:30:51.201,C,3.61,5.0,3.65,5.0,P
2009-02-13 04:30:53.831,C,3.61,5.0,3.94,17.0,P
2009-02-13 04:30:53.901,C,3.61,5.0,3.65,5.0,P
2009-02-13 04:30:57.840,C,3.57,15.0,3.65,5.0,P
2009-02-13 04:30:57.850,C,3.59,5.0,3.65,5.0,P
2009-02-13 04:30:58.040,C,3.57,5.0,3.65,5.0,P
2009-02-13 04:30:58.200,C,3.56,20.0,3.65,5.0,P
2009-02-13 04:31:03.840,C,3.55,15.0,3.94,17.0,P
2009-02-13 04:31:03.920,C,3.56,20.0,3.65,5.0,P
2009-02-13 04:31:04.130,C,3.57,10.0,3.65,5.0,P
2009-02-13 04:31:06.429,C,3.57,15.0,3.65,5.0,P
2009-02-13 04:31:06.830,C,3.57,15.0,3.94,17.0,P
2009-02-13 04:31:06.900,C,3.57,15.0,3.65,5.0,P
2009-02-13 04:31:09.620,C,3.57,15.0,3.94,17.0,P
2009-02-13 04:31:09.690,C,3.57,15.0,3.65,5.0,P
2009-02-13 04:31:10.068,C,3.57,15.0,3.94,17.0,P
2009-02-13 04:31:10.130,C,3.57,15.0,3.65,5.0,P
2009-02-13 04:31:14.130,C,3.57,15.0,3.94,17.0,P
2009-02-13 04:31:14.200,C,3.57,15.0,3.65,5.0,P
2009-02-13 04:31:19.429,C,3.57,15.0,3.94,17.0,P
2009-02-13 04:31:19.500,C,3.57,15.0,3.65,5.0,P
2009-02-13 04:31:39.048,C,3.57,15.0,3.94,17.0,P
2009-02-13 04:31:39.118,C,3.57,15.0,3.65,5.0,P
2009-02-13 04:31:40.348,C,3.57,15.0,3.94,17.0,P
2009-02-13 04:31:40.418,C,3.57,15.0,3.65,5.0,P
2009-02-13 04:31:41.486,C,3.57,15.0,3.94,17.0,P
2009-02-13 04:31:41.558,C,3.57,15.0,3.65,5.0,P
2009-02-13 04:31:41.768,C,3.57,15.0,3.94,17.0,P
2009-02-13 04:31:41.838,C,3.57,15.0,3.65,5.0,P
2009-02-13 04:31:45.118,C,3.57,15.0,3.94,17.0,P
2009-02-13 04:31:45.198,C,3.57,15.0,3.65,5.0,P
2009-02-13 04:32:14.357,C,3.57,15.0,3.94,17.0,P
2009-02-13 04:32:14.427,C,3.57,15.0,3.65,5.0,P
2009-02-13 04:32:20.576,C,3.57,15.0,3.94,17.0,P
2009-02-13 04:32:20.646,C,3.57,15.0,3.65,5.0,P
2009-02-13 04:32:23.116,C,3.57,15.0,3.94,17.0,P
2009-02-13 04:32:23.196,C,3.57,15.0,3.65,5.0,P
2009-02-13 04:32:25.636,C,3.57,15.0,3.94,17.0,P
2009-02-13 04:32:25.716,C,3.57,15.0,3.65,5.0,P
2009-02-13 04:32:44.515,C,3.57,15.0,3.94,17.0,P
2009-02-13 04:32:44.585,C,3.57,15.0,3.65,5.0,P
2009-02-13 04:32:53.374,C,3.57,15.0,3.94,17.0,P
2009-02-13 04:32:53.445,C,3.57,15.0,3.65,5.0,P
2009-02-13 04:32:59.494,C,3.57,15.0,3.94,17.0,P
2009-02-13 04:32:59.574,C,3.57,15.0,3.65,5.0,P
2009-02-13 04:33:03.504,C,3.57,15.0,3.94,17.0,P
2009-02-13 04:33:03.584,C,3.57,15.0,3.65,5.0,P
2009-02-13 04:33:12.873,C,3.57,15.0,3.94,17.0,P
2009-02-13 04:33:12.943,C,3.57,15.0,3.65,5.0,P
2009-02-13 04:33:23.133,C,3.57,15.0,3.94,17.0,P
2009-02-13 04:33:23.203,C,3.57,15.0,3.65,5.0,P
2009-02-13 04:33:28.123,C,3.57,15.0,3.94,17.0,P
2009-02-13 04:33:28.193,C,3.57,15.0,3.65,5.0,P
2009-02-13 04:33:39.012,C,3.57,15.0,3.94,17.0,P
2009-02-13 04:33:39.082,C,3.57,15.0,3.65,5.0,P
2009-02-13 04:33:39.342,C,3.57,15.0,3.94,17.0,P
2009-02-13 04:33:39.412,C,3.57,15.0,3.65,5.0,P
2009-02-13 04:33:39.922,C,3.57,15.0,3.94,17.0,P
2009-02-13 04:33:39.992,C,3.57,15.0,3.65,5.0,P
2009-02-13 04:33:40.642,C,3.57,15.0,3.94,17.0,P
2009-02-13 04:33:40.712,C,3.57,15.0,3.65,5.0,P
2009-02-13 04:34:06.721,C,3.57,15.0,3.94,17.0,P
2009-02-13 04:34:06.801,C,3.57,15.0,3.65,5.0,P
2009-02-13 04:34:07.870,C,3.57,15.0,3.94,17.0,P
2009-02-13 04:34:07.941,C,3.57,15.0,3.65,5.0,P
2009-02-13 04:34:08.791,C,3.57,15.0,3.94,17.0,P
2009-02-13 04:34:08.860,C,3.57,15.0,3.65,5.0,P
2009-02-13 04:34:09.610,C,3.57,15.0,3.94,17.0,P
2009-02-13 04:34:09.680,C,3.57,15.0,3.65,5.0,P
2009-02-13 04:34:09.841,C,3.57,15.0,3.94,17.0,P
2009-02-13 04:34:09.910,C,3.57,15.0,3.65,5.0,P
2009-02-13 04:34:10.950,C,3.57,15.0,3.65,9.0,P
2009-02-13 04:35:11.897,C,3.57,15.0,3.65,4.0,P
2009-02-13 04:35:11.967,C,3.57,15.0,3.65,9.0,P
2009-02-13 04:35:18.326,C,3.57,15.0,3.64,20.0,P
2009-02-13 04:35:41.136,C,3.57,15.0,3.65,4.0,P
2009-02-13 04:35:41.206,C,3.57,15.0,3.64,20.0,P
2009-02-13 04:36:22.213,C,3.57,10.0,3.64,3.0,P
2009-02-13 04:36:22.283,C,3.57,10.0,3.64,5.0,P
2009-02-13 04:36:22.323,C,3.57,10.0,3.65,9.0,P
2009-02-13 04:36:29.402,C,3.56,20.0,3.65,9.0,P
2009-02-13 04:36:34.012,C,3.56,20.0,3.64,5.0,P
2009-02-13 04:36:57.741,C,3.56,20.0,3.64,11.0,P
2009-02-13 04:37:20.360,C,3.52,20.0,3.64,6.0,P
2009-02-13 04:37:20.410,C,3.55,15.0,3.64,6.0,P
2009-02-13 04:37:20.440,C,3.56,20.0,3.64,11.0,P
2009-02-13 04:37:41.010,C,3.52,20.0,3.64,6.0,P
2009-02-13 04:37:41.089,C,3.56,20.0,3.64,11.0,P
2009-02-13 04:37:47.109,C,3.52,20.0,3.64,6.0,P
2009-02-13 04:37:47.179,C,3.56,20.0,3.64,11.0,P
2009-02-13 04:37:48.339,C,3.52,20.0,3.64,6.0,P
2009-02-13 04:37:48.409,C,3.56,20.0,3.64,11.0,P
2009-02-13 04:37:48.649,C,3.52,20.0,3.64,6.0,P
2009-02-13 04:37:48.719,C,3.56,20.0,3.64,11.0,P
2009-02-13 04:38:09.828,C,3.52,20.0,3.64,6.0,P
2009-02-13 04:38:09.898,C,3.55,5.0,3.64,6.0,P
2009-02-13 04:38:09.908,C,3.56,20.0,3.64,11.0,P
2009-02-13 04:38:35.616,C,3.52,20.0,3.64,6.0,P
2009-02-13 04:38:35.696,C,3.56,20.0,3.64,11.0,P
2009-02-13 04:38:35.996,C,3.52,20.0,3.64,6.0,P
2009-02-13 04:38:36.006,C,3.55,15.0,3.64,6.0,P
2009-02-13 04:38:36.076,C,3.56,20.0,3.64,11.0,P
2009-02-13 04:38:37.106,C,3.52,20.0,3.64,6.0,P
2009-02-13 04:38:37.186,C,3.56,20.0,3.64,11.0,P
2009-02-13 04:38:38.276,C,3.52,20.0,3.64,6.0,P
2009-02-13 04:38:38.346,C,3.56,20.0,3.64,11.0,P
2009-02-13 04:38:40.856,C,3.52,20.0,3.64,6.0,P
2009-02-13 04:38:40.936,C,3.56,20.0,3.64,11.0,P
2009-02-13 04:38:41.946,C,3.52,20.0,3.64,6.0,P
2009-02-13 04:38:42.026,C,3.56,20.0,3.64,11.0,P
2009-02-13 04:38:43.956,C,3.52,20.0,3.64,6.0,P
2009-02-13 04:38:44.026,C,3.56,20.0,3.64,11.0,P
2009-02-13 04:38:44.126,C,3.52,20.0,3.64,6.0,P
2009-02-13 04:38:44.206,C,3.56,20.0,3.64,11.0,P
2009-02-13 04:38:45.995,C,3.55,15.0,3.64,6.0,P
2009-02-13 04:38:46.006,C,3.52,20.0,3.64,6.0,P
2009-02-13 04:38:46.076,C,3.56,20.0,3.64,11.0,P
2009-02-13 04:38:46.616,C,3.52,20.0,3.64,6.0,P
2009-02-13 04:38:46.685,C,3.56,20.0,3.64,11.0,P
2009-02-13 04:38:47.756,C,3.52,20.0,3.64,6.0,P
2009-02-13 04:38:47.826,C,3.56,20.0,3.64,11.0,P
2009-02-13 04:38:55.625,C,3.52,20.0,3.64,6.0,P
2009-02-13 04:38:55.695,C,3.56,20.0,3.64,11.0,P
2009-02-13 04:38:55.835,C,3.52,20.0,3.64,6.0,P
2009-02-13 04:38:55.905,C,3.56,20.0,3.64,11.0,P
2009-02-13 04:39:00.345,C,3.52,20.0,3.64,6.0,P
2009-02-13 04:39:00.415,C,3.56,20.0,3.64,11.0,P
2009-02-13 04:39:31.014,C,3.52,20.0,3.64,6.0,P
2009-02-13 04:39:31.083,C,3.56,20.0,3.64,11.0,P
2009-02-13 04:39:34.883,C,3.52,20.0,3.64,6.0,P
2009-02-13 04:39:34.953,C,3.56,20.0,3.64,11.0,P
2009-02-13 04:39:55.652,C,3.52,20.0,3.64,6.0,P
2009-02-13 04:39:55.722,C,3.55,20.0,3.64,11.0,P
2009-02-13 04:39:55.732,C,3.56,20.0,3.64,11.0,P
2009-02-13 04:40:00.502,C,3.52,20.0,3.64,6.0,P
2009-02-13 04:40:00.572,C,3.56,20.0,3.64,11.0,P
2009-02-13 04:40:01.509,C,3.52,20.0,3.64,6.0,P
2009-02-13 04:40:01.582,C,3.56,20.0,3.64,11.0,P
2009-02-13 04:40:06.832,C,3.52,20.0,3.64,6.0,P
2009-02-13 04:40:06.902,C,3.56,20.0,3.64,11.0,P
2009-02-13 04:40:17.861,C,3.52,20.0,3.64,6.0,P
2009-02-13 04:40:17.930,C,3.56,20.0,3.64,11.0,P
2009-02-13 04:40:27.111,C,3.52,20.0,3.64,6.0,P
2009-02-13 04:40:27.180,C,3.56,20.0,3.64,11.0,P
2009-02-13 04:40:33.520,C,3.52,20.0,3.64,6.0,P
2009-02-13 04:40:33.590,C,3.56,20.0,3.64,11.0,P
2009-02-13 04:40:33.990,C,3.56,20.0,3.64,8.0,P
2009-02-13 04:40:36.300,C,3.52,20.0,3.64,3.0,P
2009-02-13 04:40:36.370,C,3.56,20.0,3.64,8.0,P
2009-02-13 04:40:37.030,C,3.52,20.0,3.64,3.0,P
2009-02-13 04:40:37.099,C,3.56,20.0,3.64,8.0,P
2009-02-13 04:40:42.887,C,3.52,20.0,3.64,3.0,P
2009-02-13 04:40:42.950,C,3.56,20.0,3.64,8.0,P
2009-02-13 04:40:45.479,C,3.57,3.0,3.64,8.0,P
2009-02-13 04:40:46.150,C,3.57,3.0,3.64,3.0,P
2009-02-13 04:40:46.220,C,3.57,3.0,3.64,8.0,P
2009-02-13 04:40:52.859,C,3.57,3.0,3.64,3.0,P
2009-02-13 04:40:52.929,C,3.57,3.0,3.64,8.0,P
2009-02-13 04:41:04.119,C,3.57,3.0,3.64,3.0,P
2009-02-13 04:41:04.198,C,3.57,3.0,3.64,8.0,P
2009-02-13 04:41:12.388,C,3.57,3.0,3.64,3.0,P
2009-02-13 04:41:12.458,C,3.57,3.0,3.64,8.0,P
2009-02-13 04:41:22.838,C,3.57,3.0,3.64,3.0,P
2009-02-13 04:41:22.917,C,3.57,3.0,3.64,8.0,P
2009-02-13 04:41:29.567,C,3.57,3.0,3.64,3.0,P
2009-02-13 04:41:29.645,C,3.57,3.0,3.64,8.0,P
2009-02-13 04:41:38.017,C,3.57,3.0,3.64,3.0,P
2009-02-13 04:41:38.096,C,3.57,3.0,3.64,8.0,P
2009-02-13 04:42:00.836,C,3.57,3.0,3.64,3.0,P
2009-02-13 04:42:00.915,C,3.57,3.0,3.64,8.0,P
2009-02-13 04:42:08.665,C,3.57,3.0,3.64,3.0,P
2009-02-13 04:42:08.735,C,3.57,3.0,3.64,8.0,P
2009-02-13 04:42:13.744,C,3.6,10.0,3.64,3.0,P
2009-02-13 04:42:19.324,C,3.57,3.0,3.64,3.0,P
2009-02-13 04:42:19.404,C,3.6,10.0,3.64,3.0,P
2009-02-13 04:42:23.635,C,3.57,3.0,3.64,3.0,P
2009-02-13 04:42:23.714,C,3.6,10.0,3.64,3.0,P
2009-02-13 04:42:28.774,C,3.57,3.0,3.64,3.0,P
2009-02-13 04:42:28.854,C,3.6,10.0,3.64,3.0,P
2009-02-13 04:42:33.083,C,3.61,5.0,3.64,3.0,P
2009-02-13 04:42:40.603,C,3.57,3.0,3.64,3.0,P
2009-02-13 04:42:40.673,C,3.59,5.0,3.64,3.0,P
2009-02-13 04:42:42.513,C,3.57,3.0,3.64,3.0,P
2009-02-13 04:42:42.594,C,3.59,5.0,3.64,3.0,P
2009-02-13 04:42:45.373,C,3.57,3.0,3.64,3.0,P
2009-02-13 04:42:45.442,C,3.57,8.0,3.64,3.0,P
2009-02-13 04:42:47.263,C,3.57,3.0,3.64,3.0,P
2009-02-13 04:42:47.334,C,3.57,8.0,3.64,3.0,P
2009-02-13 04:42:48.123,C,3.57,3.0,3.64,3.0,P
2009-02-13 04:42:48.203,C,3.57,8.0,3.64,3.0,P
2009-02-13 04:42:54.613,C,3.57,3.0,3.64,3.0,P
2009-02-13 04:42:54.683,C,3.57,8.0,3.64,3.0,P
2009-02-13 04:42:56.983,C,3.57,3.0,3.64,3.0,P
2009-02-13 04:42:57.053,C,3.57,8.0,3.64,3.0,P
2009-02-13 04:42:57.782,C,3.57,3.0,3.64,3.0,P
2009-02-13 04:42:57.852,C,3.57,8.0,3.64,3.0,P
2009-02-13 04:43:08.782,C,3.57,3.0,3.64,3.0,P
2009-02-13 04:43:08.852,C,3.57,8.0,3.64,3.0,P
2009-02-13 04:43:21.331,C,3.57,3.0,3.64,3.0,P
2009-02-13 04:43:21.401,C,3.57,8.0,3.64,3.0,P
2009-02-13 04:43:57.119,C,3.57,3.0,3.64,3.0,P
2009-02-13 04:43:57.199,C,3.57,8.0,3.64,3.0,P
2009-02-13 04:44:09.529,C,3.57,3.0,3.64,3.0,P
2009-02-13 04:44:09.609,C,3.57,8.0,3.64,3.0,P
2009-02-13 04:44:11.496,C,3.57,3.0,3.64,3.0,P
2009-02-13 04:44:11.569,C,3.57,8.0,3.64,3.0,P
2009-02-13 04:44:14.118,C,3.57,3.0,3.64,3.0,P
2009-02-13 04:44:14.206,C,3.57,8.0,3.64,3.0,P
2009-02-13 04:44:22.828,C,3.57,3.0,3.64,3.0,P
2009-02-13 04:44:22.937,C,3.57,8.0,3.64,3.0,P
2009-02-13 04:44:24.288,C,3.57,3.0,3.64,3.0,P
2009-02-13 04:44:24.358,C,3.57,8.0,3.64,3.0,P
2009-02-13 04:45:08.625,C,3.57,3.0,3.64,3.0,P
2009-02-13 04:45:08.705,C,3.57,8.0,3.64,3.0,P
2009-02-13 04:45:18.115,C,3.57,3.0,3.64,3.0,P
2009-02-13 04:45:18.195,C,3.57,8.0,3.64,3.0,P
2009-02-13 04:45:47.933,C,3.57,3.0,3.64,3.0,P
2009-02-13 04:45:48.003,C,3.57,8.0,3.64,3.0,P
2009-02-13 04:46:01.363,C,3.57,3.0,3.64,3.0,P
2009-02-13 04:46:01.433,C,3.57,8.0,3.64,3.0,P
2009-02-13 04:46:52.020,C,3.57,3.0,3.64,3.0,P
2009-02-13 04:46:52.090,C,3.57,8.0,3.64,3.0,P
2009-02-13 04:46:52.390,C,3.57,3.0,3.64,3.0,P
2009-02-13 04:46:52.470,C,3.57,8.0,3.64,3.0,P
2009-02-13 04:46:52.620,C,3.57,3.0,3.64,3.0,P
2009-02-13 04:46:52.690,C,3.57,8.0,3.64,3.0,P
2009-02-13 04:46:53.200,C,3.57,3.0,3.64,3.0,P
2009-02-13 04:46:53.280,C,3.57,8.0,3.64,3.0,P
2009-02-13 04:47:08.369,C,3.57,3.0,3.64,3.0,P
2009-02-13 04:47:08.449,C,3.57,8.0,3.64,3.0,P
2009-02-13 04:47:11.139,C,3.57,3.0,3.64,3.0,P
2009-02-13 04:47:11.209,C,3.57,8.0,3.64,3.0,P
2009-02-13 04:47:48.367,C,3.57,3.0,3.64,3.0,P
2009-02-13 04:47:48.437,C,3.57,8.0,3.64,3.0,P
2009-02-13 04:47:52.417,C,3.57,3.0,3.64,3.0,P
2009-02-13 04:47:52.497,C,3.57,8.0,3.64,3.0,P
2009-02-13 04:47:57.127,C,3.57,3.0,3.64,3.0,P
2009-02-13 04:47:57.204,C,3.57,8.0,3.64,3.0,P
2009-02-13 04:48:04.996,C,3.57,3.0,3.64,3.0,P
2009-02-13 04:48:05.084,C,3.57,8.0,3.64,3.0,P
2009-02-13 04:48:15.636,C,3.57,3.0,3.64,3.0,P
2009-02-13 04:48:15.706,C,3.57,8.0,3.64,3.0,P
2009-02-13 04:48:20.615,C,3.57,3.0,3.64,3.0,P
2009-02-13 04:48:20.695,C,3.57,8.0,3.64,3.0,P
2009-02-13 04:48:25.615,C,3.57,3.0,3.64,3.0,P
2009-02-13 04:48:25.685,C,3.57,8.0,3.64,3.0,P
2009-02-13 04:48:47.004,C,3.57,3.0,3.64,3.0,P
2009-02-13 04:48:47.084,C,3.57,8.0,3.64,3.0,P
2009-02-13 04:48:47.764,C,3.57,3.0,3.64,3.0,P
2009-02-13 04:48:47.834,C,3.57,8.0,3.64,3.0,P
2009-02-13 04:48:50.704,C,3.57,3.0,3.64,3.0,P
2009-02-13 04:48:50.781,C,3.57,8.0,3.64,3.0,P
2009-02-13 04:48:52.854,C,3.57,3.0,3.64,3.0,P
2009-02-13 04:48:52.914,C,3.57,8.0,3.64,3.0,P
2009-02-13 04:49:28.402,C,3.57,3.0,3.64,3.0,P
2009-02-13 04:49:28.472,C,3.57,8.0,3.64,3.0,P
2009-02-13 04:49:29.142,C,3.57,3.0,3.64,3.0,P
2009-02-13 04:49:29.212,C,3.57,8.0,3.64,3.0,P
2009-02-13 04:49:32.411,C,3.57,3.0,3.64,3.0,P
2009-02-13 04:49:32.481,C,3.57,8.0,3.64,3.0,P
2009-02-13 04:49:32.502,C,3.57,3.0,3.64,3.0,P
2009-02-13 04:49:32.582,C,3.57,8.0,3.64,3.0,P
2009-02-13 04:50:21.129,C,3.57,3.0,3.64,3.0,P
2009-02-13 04:50:21.199,C,3.57,8.0,3.64,3.0,P
2009-02-13 04:50:37.498,C,3.57,3.0,3.64,3.0,P
2009-02-13 04:50:37.568,C,3.57,8.0,3.64,3.0,P
2009-02-13 04:50:49.557,C,3.57,3.0,3.64,3.0,P
2009-02-13 04:50:58.347,C,3.57,8.0,3.64,3.0,P
2009-02-13 04:51:00.837,C,3.57,3.0,3.64,3.0,P
2009-02-13 04:51:00.917,C,3.57,8.0,3.64,3.0,P
2009-02-13 04:51:04.517,C,3.57,3.0,3.64,3.0,P
2009-02-13 04:51:04.587,C,3.57,8.0,3.64,3.0,P
2009-02-13 04:51:35.255,C,3.57,3.0,3.64,3.0,P
2009-02-13 04:51:35.335,C,3.57,8.0,3.64,3.0,P
2009-02-13 04:52:04.614,C,3.57,3.0,3.64,3.0,P
2009-02-13 04:52:04.684,C,3.57,8.0,3.64,3.0,P
2009-02-13 04:52:07.013,C,3.57,3.0,3.64,3.0,P
2009-02-13 04:52:07.084,C,3.57,8.0,3.64,3.0,P
2009-02-13 04:52:07.611,C,3.57,3.0,3.64,3.0,P
2009-02-13 04:52:07.683,C,3.57,8.0,3.64,3.0,P
2009-02-13 04:52:18.363,C,3.57,3.0,3.64,3.0,P
2009-02-13 04:52:18.441,C,3.57,8.0,3.64,3.0,P
2009-02-13 04:52:34.322,C,3.57,3.0,3.64,3.0,P
2009-02-13 04:52:34.402,C,3.57,8.0,3.64,3.0,P
2009-02-13 04:52:36.902,C,3.57,3.0,3.64,3.0,P
2009-02-13 04:52:36.972,C,3.57,8.0,3.64,3.0,P
2009-02-13 04:52:37.090,C,3.57,3.0,3.64,3.0,P
2009-02-13 04:52:37.160,C,3.57,8.0,3.64,3.0,P
2009-02-13 04:52:37.402,C,3.57,3.0,3.64,3.0,P
2009-02-13 04:52:37.482,C,3.57,8.0,3.64,3.0,P
2009-02-13 04:52:44.089,C,3.57,3.0,3.64,3.0,P
2009-02-13 04:52:44.151,C,3.57,8.0,3.64,3.0,P
2009-02-13 04:52:44.182,C,3.57,3.0,3.64,3.0,P
2009-02-13 04:52:44.252,C,3.57,8.0,3.64,3.0,P
2009-02-13 04:52:44.262,C,3.57,3.0,3.64,3.0,P
2009-02-13 04:52:44.339,C,3.57,8.0,3.64,3.0,P
2009-02-13 04:52:44.942,C,3.57,3.0,3.64,3.0,P
2009-02-13 04:52:45.012,C,3.57,8.0,3.64,3.0,P
2009-02-13 04:52:56.361,C,3.57,3.0,3.64,3.0,P
2009-02-13 04:52:56.431,C,3.57,8.0,3.64,3.0,P
2009-02-13 04:53:00.361,C,3.57,3.0,3.64,3.0,P
2009-02-13 04:53:00.430,C,3.57,8.0,3.64,3.0,P
2009-02-13 04:53:04.440,C,3.57,3.0,3.64,3.0,P
2009-02-13 04:53:04.510,C,3.57,8.0,3.64,3.0,P
2009-02-13 04:53:08.125,C,3.57,3.0,3.64,3.0,P
2009-02-13 04:53:08.190,C,3.57,8.0,3.64,3.0,P
2009-02-13 04:53:32.339,C,3.57,3.0,3.64,3.0,P
2009-02-13 04:53:32.419,C,3.57,8.0,3.64,3.0,P
2009-02-13 04:53:32.558,C,3.57,5.0,3.64,3.0,P
2009-02-13 04:53:46.748,C,3.52,20.0,3.64,3.0,P
2009-02-13 04:53:46.818,C,3.57,5.0,3.64,3.0,P
2009-02-13 04:53:54.508,C,3.52,20.0,3.64,3.0,P
2009-02-13 04:53:54.588,C,3.57,5.0,3.64,3.0,P
2009-02-13 04:54:35.335,C,3.52,20.0,3.64,3.0,P
2009-02-13 04:54:35.416,C,3.57,5.0,3.64,3.0,P
2009-02-13 04:55:24.603,C,3.52,20.0,3.64,3.0,P
2009-02-13 04:55:24.673,C,3.57,5.0,3.64,3.0,P
2009-02-13 04:55:28.130,C,3.52,20.0,3.64,3.0,P
2009-02-13 04:55:28.193,C,3.57,5.0,3.64,3.0,P
2009-02-13 04:55:32.532,C,3.52,20.0,3.64,3.0,P
2009-02-13 04:55:32.602,C,3.57,5.0,3.64,3.0,P
2009-02-13 04:55:35.792,C,3.52,20.0,3.64,3.0,P
2009-02-13 04:55:35.872,C,3.57,5.0,3.64,3.0,P
2009-02-13 04:55:36.152,C,3.52,20.0,3.64,3.0,P
2009-02-13 04:55:36.232,C,3.57,5.0,3.64,3.0,P
2009-02-13 04:55:36.402,C,3.52,20.0,3.64,3.0,P
2009-02-13 04:55:36.472,C,3.57,5.0,3.64,3.0,P
2009-02-13 04:55:53.611,C,3.52,20.0,3.64,3.0,P
2009-02-13 04:55:53.681,C,3.57,5.0,3.64,3.0,P
2009-02-13 04:56:05.121,C,3.52,20.0,3.64,3.0,P
2009-02-13 04:56:05.191,C,3.57,5.0,3.64,3.0,P
2009-02-13 04:56:07.968,C,3.52,20.0,3.64,3.0,P
2009-02-13 04:56:07.990,C,3.57,5.0,3.64,3.0,P
2009-02-13 04:56:38.859,C,3.52,20.0,3.64,3.0,P
2009-02-13 04:56:38.929,C,3.57,5.0,3.64,3.0,P
2009-02-13 04:56:39.119,C,3.52,20.0,3.64,3.0,P
2009-02-13 04:56:39.199,C,3.57,5.0,3.64,3.0,P
2009-02-13 04:56:51.618,C,3.52,20.0,3.64,3.0,P
2009-02-13 04:56:51.706,C,3.57,5.0,3.64,3.0,P
2009-02-13 04:57:31.057,C,3.52,20.0,3.64,3.0,P
2009-02-13 04:57:31.126,C,3.57,5.0,3.64,3.0,P
2009-02-13 04:58:11.124,C,3.52,20.0,3.64,3.0,P
2009-02-13 04:58:11.194,C,3.57,5.0,3.64,3.0,P
2009-02-13 04:58:12.344,C,3.52,20.0,3.64,3.0,P
2009-02-13 04:58:12.424,C,3.57,5.0,3.64,3.0,P
2009-02-13 04:58:13.254,C,3.52,20.0,3.64,3.0,P
2009-02-13 04:58:13.324,C,3.57,5.0,3.64,3.0,P
2009-02-13 04:59:11.831,C,3.52,20.0,3.64,3.0,P
2009-02-13 04:59:11.901,C,3.57,5.0,3.64,3.0,P
2009-02-13 04:59:12.021,C,3.52,20.0,3.64,3.0,P
2009-02-13 04:59:12.091,C,3.57,5.0,3.64,3.0,P
2009-02-13 04:59:12.121,C,3.52,20.0,3.64,3.0,P
2009-02-13 04:59:12.201,C,3.57,5.0,3.64,3.0,P
2009-02-13 04:59:12.351,C,3.52,20.0,3.64,3.0,P
2009-02-13 04:59:12.431,C,3.57,5.0,3.64,3.0,P
2009-02-13 04:59:12.671,C,3.52,20.0,3.64,3.0,P
2009-02-13 04:59:12.741,C,3.57,5.0,3.64,3.0,P
2009-02-13 04:59:23.860,C,3.52,20.0,3.64,3.0,P
2009-02-13 04:59:23.940,C,3.57,5.0,3.64,3.0,P
2009-02-13 04:59:24.330,C,3.52,20.0,3.64,3.0,P
2009-02-13 04:59:24.400,C,3.57,5.0,3.64,3.0,P
2009-02-13 04:59:31.590,C,3.52,20.0,3.64,3.0,P
2009-02-13 04:59:31.660,C,3.57,5.0,3.64,3.0,P
2009-02-13 04:59:38.127,C,3.52,20.0,3.64,3.0,P
2009-02-13 04:59:38.189,C,3.57,5.0,3.64,3.0,P
2009-02-13 04:59:39.527,C,3.52,20.0,3.64,3.0,P
2009-02-13 04:59:39.597,C,3.57,5.0,3.64,3.0,P
2009-02-13 04:59:49.349,C,3.52,20.0,3.64,3.0,P
2009-02-13 04:59:49.419,C,3.57,5.0,3.64,3.0,P
2009-02-13 04:59:50.619,C,3.52,20.0,3.64,3.0,P
2009-02-13 04:59:50.689,C,3.57,5.0,3.64,3.0,P
2009-02-13 04:59:53.689,C,3.52,20.0,3.64,3.0,P
2009-02-13 04:59:53.759,C,3.57,5.0,3.64,3.0,P
2009-02-13 04:59:53.869,C,3.52,20.0,3.64,3.0,P
2009-02-13 04:59:53.939,C,3.57,5.0,3.64,3.0,P
2009-02-13 04:59:57.856,C,3.52,20.0,3.64,3.0,P
2009-02-13 04:59:57.919,C,3.56,5.0,3.64,3.0,P
2009-02-13 04:59:57.998,C,3.57,5.0,3.64,3.0,P
2009-02-13 04:59:59.518,C,3.52,20.0,3.64,3.0,P
2009-02-13 04:59:59.588,C,3.56,5.0,3.64,3.0,P
2009-02-13 05:00:00.236,C,3.52,20.0,3.64,3.0,P
2009-02-13 05:00:00.316,C,3.56,5.0,3.64,3.0,P
2009-02-13 05:00:01.048,C,3.57,5.0,3.64,3.0,P
2009-02-13 05:00:01.058,C,3.52,20.0,3.64,3.0,P
2009-02-13 05:00:01.128,C,3.57,5.0,3.64,3.0,P
2009-02-13 05:00:01.358,C,3.52,20.0,3.64,3.0,P
2009-02-13 05:00:01.428,C,3.57,5.0,3.64,3.0,P
2009-02-13 05:00:01.518,C,3.52,20.0,3.64,3.0,P
2009-02-13 05:00:01.588,C,3.57,5.0,3.64,3.0,P
2009-02-13 05:00:03.068,C,3.52,20.0,3.64,3.0,P
2009-02-13 05:00:03.138,C,3.56,5.0,3.64,3.0,P
2009-02-13 05:00:05.498,C,3.52,20.0,3.64,3.0,P
2009-02-13 05:00:05.578,C,3.56,5.0,3.64,3.0,P
2009-02-13 05:00:05.828,C,3.52,20.0,3.64,3.0,P
2009-02-13 05:00:05.898,C,3.56,5.0,3.64,3.0,P
2009-02-13 05:00:05.938,C,3.52,20.0,3.64,3.0,P
2009-02-13 05:00:06.025,C,3.56,5.0,3.64,3.0,P
2009-02-13 05:00:06.508,C,3.52,20.0,3.64,3.0,P
2009-02-13 05:00:06.578,C,3.56,5.0,3.64,3.0,P
2009-02-13 05:00:06.626,C,3.52,20.0,3.64,3.0,P
2009-02-13 05:00:06.698,C,3.56,5.0,3.64,3.0,P
2009-02-13 05:00:09.758,C,3.57,5.0,3.64,3.0,P
2009-02-13 05:00:13.398,C,3.52,20.0,3.64,3.0,P
2009-02-13 05:00:13.468,C,3.57,5.0,3.64,3.0,P
2009-02-13 05:00:13.518,C,3.52,20.0,3.64,3.0,P
2009-02-13 05:00:13.588,C,3.56,5.0,3.64,3.0,P
2009-02-13 05:00:13.797,C,3.57,5.0,3.64,3.0,P
2009-02-13 05:00:14.397,C,3.52,20.0,3.64,3.0,P
2009-02-13 05:00:14.468,C,3.56,5.0,3.64,3.0,P
2009-02-13 05:00:14.507,C,3.57,5.0,3.64,3.0,P
2009-02-13 05:00:15.368,C,3.52,20.0,3.64,3.0,P
2009-02-13 05:00:15.448,C,3.57,5.0,3.64,3.0,P
2009-02-13 05:00:16.778,C,3.52,20.0,3.64,3.0,P
2009-02-13 05:00:16.847,C,3.56,5.0,3.64,3.0,P
2009-02-13 05:00:16.927,C,3.52,20.0,3.64,3.0,P
2009-02-13 05:00:17.497,C,3.56,5.0,3.64,3.0,P
2009-02-13 05:00:18.827,C,3.52,20.0,3.64,3.0,P
2009-02-13 05:00:18.897,C,3.56,5.0,3.64,3.0,P
2009-02-13 05:00:20.837,C,3.52,20.0,3.64,3.0,P
2009-02-13 05:00:20.907,C,3.56,5.0,3.64,3.0,P
2009-02-13 05:00:24.337,C,3.52,20.0,3.64,3.0,P
2009-02-13 05:00:24.417,C,3.56,5.0,3.64,3.0,P
2009-02-13 05:00:24.957,C,3.52,20.0,3.64,3.0,P
2009-02-13 05:00:25.037,C,3.56,5.0,3.64,3.0,P
2009-02-13 05:00:25.407,C,3.56,5.0,3.64,7.0,P
2009-02-13 05:00:30.497,C,3.52,20.0,3.64,7.0,P
2009-02-13 05:00:30.566,C,3.56,5.0,3.64,7.0,P
2009-02-13 05:00:32.857,C,3.52,20.0,3.64,7.0,P
2009-02-13 05:00:32.926,C,3.56,5.0,3.64,7.0,P
2009-02-13 05:00:36.606,C,3.52,20.0,3.64,7.0,P
2009-02-13 05:00:36.676,C,3.56,5.0,3.64,7.0,P
2009-02-13 05:00:38.157,C,3.52,20.0,3.64,7.0,P
2009-02-13 05:00:38.236,C,3.56,5.0,3.64,7.0,P
2009-02-13 05:00:38.956,C,3.52,20.0,3.64,7.0,P
2009-02-13 05:00:39.026,C,3.56,5.0,3.64,7.0,P
2009-02-13 05:00:44.366,C,3.52,20.0,3.64,7.0,P
2009-02-13 05:00:44.446,C,3.56,5.0,3.64,7.0,P
2009-02-13 05:00:52.626,C,3.52,20.0,3.64,7.0,P
2009-02-13 05:00:52.703,C,3.56,5.0,3.64,7.0,P
2009-02-13 05:00:56.325,C,3.52,20.0,3.64,7.0,P
2009-02-13 05:00:56.403,C,3.56,5.0,3.64,7.0,P
2009-02-13 05:00:57.825,C,3.52,20.0,3.64,7.0,P
2009-02-13 05:00:57.895,C,3.56,5.0,3.64,7.0,P
2009-02-13 05:00:58.633,C,3.52,20.0,3.64,7.0,P
2009-02-13 05:00:58.703,C,3.56,5.0,3.64,7.0,P
2009-02-13 05:00:58.705,C,3.52,20.0,3.64,7.0,P
2009-02-13 05:00:58.775,C,3.56,5.0,3.64,7.0,P
2009-02-13 05:01:04.115,C,3.52,20.0,3.64,7.0,P
2009-02-13 05:01:04.185,C,3.56,5.0,3.64,7.0,P
2009-02-13 05:01:10.964,C,3.52,20.0,3.64,7.0,P
2009-02-13 05:01:11.044,C,3.56,5.0,3.64,7.0,P
2009-02-13 05:01:20.834,C,3.52,20.0,3.64,7.0,P
2009-02-13 05:01:20.905,C,3.56,5.0,3.64,7.0,P
2009-02-13 05:01:21.704,C,3.52,20.0,3.64,7.0,P
2009-02-13 05:01:21.774,C,3.56,5.0,3.64,7.0,P
2009-02-13 05:01:22.484,C,3.52,20.0,3.64,7.0,P
2009-02-13 05:01:22.554,C,3.56,5.0,3.64,7.0,P
2009-02-13 05:01:24.624,C,3.52,20.0,3.64,7.0,P
2009-02-13 05:01:24.694,C,3.56,5.0,3.64,7.0,P
2009-02-13 05:01:33.823,C,3.52,20.0,3.64,7.0,P
2009-02-13 05:01:33.893,C,3.56,5.0,3.64,7.0,P
2009-02-13 05:01:34.743,C,3.52,20.0,3.64,7.0,P
2009-02-13 05:01:34.813,C,3.56,5.0,3.64,7.0,P
2009-02-13 05:01:37.151,C,3.52,20.0,3.64,7.0,P
2009-02-13 05:01:37.223,C,3.56,5.0,3.64,7.0,P
2009-02-13 05:01:46.793,C,3.52,20.0,3.64,7.0,P
2009-02-13 05:01:46.863,C,3.56,5.0,3.64,7.0,P
2009-02-13 05:01:51.932,C,3.52,20.0,3.64,7.0,P
2009-02-13 05:01:52.013,C,3.56,5.0,3.64,7.0,P
2009-02-13 05:01:55.332,C,3.52,20.0,3.64,7.0,P
2009-02-13 05:01:55.402,C,3.56,5.0,3.64,7.0,P
2009-02-13 05:01:57.862,C,3.52,20.0,3.64,7.0,P
2009-02-13 05:01:57.932,C,3.56,5.0,3.64,7.0,P
2009-02-13 05:02:00.852,C,3.52,20.0,3.64,7.0,P
2009-02-13 05:02:00.922,C,3.56,5.0,3.64,7.0,P
2009-02-13 05:02:04.122,C,3.52,20.0,3.64,7.0,P
2009-02-13 05:02:04.199,C,3.56,5.0,3.64,7.0,P
2009-02-13 05:02:09.521,C,3.52,20.0,3.64,7.0,P
2009-02-13 05:02:09.591,C,3.56,5.0,3.64,7.0,P
2009-02-13 05:02:09.631,C,3.57,5.0,3.64,7.0,P
2009-02-13 05:02:09.801,C,3.52,20.0,3.64,7.0,P
2009-02-13 05:02:09.879,C,3.57,5.0,3.64,7.0,P
2009-02-13 05:02:11.101,C,3.52,20.0,3.64,7.0,P
2009-02-13 05:02:11.171,C,3.57,5.0,3.64,7.0,P
2009-02-13 05:02:15.051,C,3.52,20.0,3.64,7.0,P
2009-02-13 05:02:15.121,C,3.57,5.0,3.64,7.0,P
2009-02-13 05:02:16.621,C,3.52,20.0,3.64,7.0,P
2009-02-13 05:02:16.691,C,3.57,5.0,3.64,7.0,P
2009-02-13 05:02:18.610,C,3.52,20.0,3.64,7.0,P
2009-02-13 05:02:18.691,C,3.57,5.0,3.64,7.0,P
2009-02-13 05:02:28.131,C,3.52,20.0,3.64,7.0,P
2009-02-13 05:02:28.201,C,3.57,5.0,3.64,7.0,P
2009-02-13 05:02:34.630,C,3.52,20.0,3.64,7.0,P
2009-02-13 05:02:34.700,C,3.56,5.0,3.64,7.0,P
2009-02-13 05:02:34.819,C,3.57,5.0,3.64,7.0,P
2009-02-13 05:02:38.890,C,3.52,20.0,3.64,7.0,P
2009-02-13 05:02:38.960,C,3.56,5.0,3.64,7.0,P
2009-02-13 05:02:39.210,C,3.52,20.0,3.64,7.0,P
2009-02-13 05:02:39.287,C,3.56,5.0,3.64,7.0,P
2009-02-13 05:02:39.850,C,3.52,20.0,3.64,7.0,P
2009-02-13 05:02:39.920,C,3.56,5.0,3.64,7.0,P
2009-02-13 05:02:40.620,C,3.52,20.0,3.64,7.0,P
2009-02-13 05:02:40.689,C,3.56,5.0,3.64,7.0,P
2009-02-13 05:02:44.500,C,3.52,20.0,3.64,7.0,P
2009-02-13 05:02:44.570,C,3.56,5.0,3.64,7.0,P
2009-02-13 05:02:46.449,C,3.52,20.0,3.64,7.0,P
2009-02-13 05:02:46.538,C,3.56,5.0,3.64,7.0,P
2009-02-13 05:02:46.580,C,3.52,20.0,3.64,7.0,P
2009-02-13 05:02:46.649,C,3.56,5.0,3.64,7.0,P
2009-02-13 05:02:49.339,C,3.52,20.0,3.64,7.0,P
2009-02-13 05:02:49.419,C,3.56,5.0,3.64,7.0,P
2009-02-13 05:02:52.149,C,3.57,5.0,3.64,7.0,P
2009-02-13 05:02:53.129,C,3.52,20.0,3.64,7.0,P
2009-02-13 05:02:53.209,C,3.56,5.0,3.64,7.0,P
2009-02-13 05:02:53.829,C,3.57,5.0,3.64,7.0,P
2009-02-13 05:03:18.598,C,3.52,20.0,3.64,7.0,P
2009-02-13 05:03:18.668,C,3.57,5.0,3.64,7.0,P
2009-02-13 05:03:19.353,C,3.52,20.0,3.64,7.0,P
2009-02-13 05:03:19.426,C,3.57,5.0,3.64,7.0,P
2009-02-13 05:03:19.855,C,3.52,20.0,3.64,7.0,P
2009-02-13 05:03:19.928,C,3.57,5.0,3.64,7.0,P
2009-02-13 05:03:21.108,C,3.52,20.0,3.64,7.0,P
2009-02-13 05:03:21.188,C,3.57,5.0,3.64,7.0,P
2009-02-13 05:03:22.348,C,3.52,20.0,3.64,7.0,P
2009-02-13 05:03:22.418,C,3.57,5.0,3.64,7.0,P
2009-02-13 05:03:44.496,C,3.52,20.0,3.64,7.0,P
2009-02-13 05:03:44.566,C,3.57,5.0,3.64,7.0,P
2009-02-13 05:03:45.126,C,3.52,20.0,3.64,7.0,P
2009-02-13 05:03:45.196,C,3.57,5.0,3.64,7.0,P
2009-02-13 05:03:46.302,C,3.52,20.0,3.64,7.0,P
2009-02-13 05:03:46.376,C,3.57,5.0,3.64,7.0,P
2009-02-13 05:03:47.696,C,3.52,20.0,3.64,7.0,P
2009-02-13 05:03:47.766,C,3.57,5.0,3.64,7.0,P
2009-02-13 05:03:58.616,C,3.52,20.0,3.64,7.0,P
2009-02-13 05:03:58.686,C,3.57,5.0,3.64,7.0,P
2009-02-13 05:04:02.285,C,3.52,20.0,3.64,7.0,P
2009-02-13 05:04:02.356,C,3.57,5.0,3.64,7.0,P
2009-02-13 05:04:02.875,C,3.52,20.0,3.64,7.0,P
2009-02-13 05:04:02.946,C,3.57,5.0,3.64,7.0,P
2009-02-13 05:04:03.365,C,3.52,20.0,3.64,7.0,P
2009-02-13 05:04:03.435,C,3.57,5.0,3.64,7.0,P
2009-02-13 05:04:03.865,C,3.52,20.0,3.64,7.0,P
2009-02-13 05:04:03.945,C,3.57,5.0,3.64,7.0,P
2009-02-13 05:04:04.365,C,3.52,20.0,3.64,7.0,P
2009-02-13 05:04:04.435,C,3.57,5.0,3.64,7.0,P
2009-02-13 05:04:05.126,C,3.52,20.0,3.64,7.0,P
2009-02-13 05:04:05.205,C,3.57,5.0,3.64,7.0,P
2009-02-13 05:04:13.555,C,3.52,20.0,3.64,7.0,P
2009-02-13 05:04:13.625,C,3.57,5.0,3.64,7.0,P
2009-02-13 05:04:17.044,C,3.58,1.0,3.64,7.0,P
2009-02-13 05:04:31.893,C,3.57,5.0,3.64,7.0,P
2009-02-13 05:04:42.853,C,3.59,1.0,3.64,7.0,P
2009-02-13 05:04:46.532,C,3.57,5.0,3.64,7.0,P
2009-02-13 05:04:47.093,C,3.52,20.0,3.64,7.0,P
2009-02-13 05:04:47.173,C,3.57,5.0,3.64,7.0,P
2009-02-13 05:04:48.953,C,3.52,20.0,3.64,7.0,P
2009-02-13 05:04:49.033,C,3.56,5.0,3.64,7.0,P
2009-02-13 05:04:49.122,C,3.57,5.0,3.64,7.0,P
2009-02-13 05:04:55.993,C,3.52,20.0,3.64,7.0,P
2009-02-13 05:04:56.063,C,3.56,5.0,3.64,7.0,P
2009-02-13 05:05:02.402,C,3.52,20.0,3.64,7.0,P
2009-02-13 05:05:02.482,C,3.56,5.0,3.64,7.0,P
2009-02-13 05:05:05.192,C,3.52,20.0,3.64,7.0,P
2009-02-13 05:05:05.262,C,3.56,5.0,3.64,7.0,P
2009-02-13 05:05:14.859,C,3.52,20.0,3.64,7.0,P
2009-02-13 05:05:14.922,C,3.56,5.0,3.64,7.0,P
2009-02-13 05:05:15.372,C,3.52,20.0,3.64,7.0,P
2009-02-13 05:05:15.442,C,3.56,5.0,3.64,7.0,P
2009-02-13 05:05:16.112,C,3.52,20.0,3.64,7.0,P
2009-02-13 05:05:16.182,C,3.56,5.0,3.64,7.0,P
2009-02-13 05:05:16.379,C,3.52,20.0,3.64,7.0,P
2009-02-13 05:05:16.449,C,3.56,5.0,3.64,7.0,P
2009-02-13 05:05:26.341,C,3.52,20.0,3.64,7.0,P
2009-02-13 05:05:26.419,C,3.56,5.0,3.64,7.0,P
2009-02-13 05:05:43.870,C,3.52,20.0,3.64,7.0,P
2009-02-13 05:05:43.947,C,3.56,5.0,3.64,7.0,P
2009-02-13 05:05:47.100,C,3.52,20.0,3.64,7.0,P
2009-02-13 05:05:47.170,C,3.56,5.0,3.64,7.0,P
2009-02-13 05:05:54.840,C,3.52,20.0,3.64,7.0,P
2009-02-13 05:05:54.910,C,3.56,5.0,3.64,7.0,P
2009-02-13 05:06:02.109,C,3.52,20.0,3.64,7.0,P
2009-02-13 05:06:02.179,C,3.56,5.0,3.64,7.0,P
2009-02-13 05:06:02.639,C,3.52,20.0,3.64,7.0,P
2009-02-13 05:06:02.727,C,3.56,5.0,3.64,7.0,P
2009-02-13 05:06:02.799,C,3.52,20.0,3.64,7.0,P
2009-02-13 05:06:02.869,C,3.56,5.0,3.64,7.0,P
2009-02-13 05:06:07.376,C,3.52,20.0,3.64,7.0,P
2009-02-13 05:06:07.439,C,3.56,5.0,3.64,7.0,P
2009-02-13 05:06:08.134,C,3.52,20.0,3.64,7.0,P
2009-02-13 05:06:08.199,C,3.56,5.0,3.64,7.0,P
2009-02-13 05:06:11.419,C,3.52,20.0,3.64,7.0,P
2009-02-13 05:06:11.489,C,3.56,5.0,3.64,7.0,P
2009-02-13 05:06:11.908,C,3.52,20.0,3.64,7.0,P
2009-02-13 05:06:11.978,C,3.56,5.0,3.64,7.0,P
2009-02-13 05:06:22.018,C,3.52,20.0,3.64,7.0,P
2009-02-13 05:06:22.088,C,3.56,5.0,3.64,7.0,P
2009-02-13 05:06:22.808,C,3.58,1.0,3.64,7.0,P
2009-02-13 05:06:32.197,C,3.56,5.0,3.64,7.0,P
2009-02-13 05:06:34.567,C,3.52,20.0,3.64,7.0,P
2009-02-13 05:06:34.637,C,3.56,5.0,3.64,7.0,P
2009-02-13 05:06:45.867,C,3.52,20.0,3.64,7.0,P
2009-02-13 05:06:45.937,C,3.56,5.0,3.64,7.0,P
2009-02-13 05:06:47.387,C,3.52,20.0,3.64,7.0,P
2009-02-13 05:06:47.457,C,3.56,5.0,3.64,7.0,P
2009-02-13 05:07:15.845,C,3.52,20.0,3.64,7.0,P
2009-02-13 05:07:15.915,C,3.56,5.0,3.64,7.0,P
2009-02-13 05:07:18.845,C,3.52,20.0,3.64,7.0,P
2009-02-13 05:07:18.915,C,3.56,5.0,3.64,7.0,P
2009-02-13 05:07:22.175,C,3.52,20.0,3.64,7.0,P
2009-02-13 05:07:22.255,C,3.56,5.0,3.64,7.0,P
2009-02-13 05:07:29.214,C,3.52,20.0,3.64,7.0,P
2009-02-13 05:07:29.292,C,3.56,5.0,3.64,7.0,P
2009-02-13 05:07:34.842,C,3.52,20.0,3.64,7.0,P
2009-02-13 05:07:34.904,C,3.56,5.0,3.64,7.0,P
2009-02-13 05:07:38.353,C,3.52,20.0,3.64,7.0,P
2009-02-13 05:07:41.903,C,3.57,4.0,3.64,7.0,P
2009-02-13 05:08:20.701,C,3.57,4.0,3.64,7.0,P
2009-02-13 05:08:23.741,C,3.56,5.0,3.64,7.0,P
2009-02-13 05:08:29.501,C,3.52,20.0,3.64,7.0,P
2009-02-13 05:08:29.572,C,3.56,5.0,3.64,7.0,P
2009-02-13 05:08:32.001,C,3.52,20.0,3.64,7.0,P
2009-02-13 05:08:32.071,C,3.56,5.0,3.64,7.0,P
2009-02-13 05:08:41.341,C,3.52,20.0,3.64,7.0,P
2009-02-13 05:08:41.410,C,3.56,5.0,3.64,7.0,P
2009-02-13 05:08:52.550,C,3.52,20.0,3.64,7.0,P
2009-02-13 05:08:52.579,C,3.57,4.0,3.64,7.0,P
2009-02-13 05:09:41.397,C,3.57,4.0,3.64,7.0,P
2009-02-13 05:11:48.710,C,3.58,5.0,3.64,7.0,P
2009-02-13 05:11:49.121,C,3.57,4.0,3.64,7.0,P
2009-02-13 05:11:49.191,C,3.58,5.0,3.64,7.0,P
2009-02-13 05:11:49.671,C,3.57,4.0,3.64,7.0,P
2009-02-13 05:11:49.741,C,3.58,5.0,3.64,7.0,P
2009-02-13 05:11:49.790,C,3.57,4.0,3.64,7.0,P
2009-02-13 05:15:53.837,C,3.57,9.0,3.64,7.0,P
2009-02-13 05:15:53.958,C,3.57,4.0,3.64,7.0,P
2009-02-13 05:15:54.028,C,3.57,9.0,3.64,7.0,P
2009-02-13 05:16:04.637,C,3.57,4.0,3.64,7.0,P
2009-02-13 05:16:56.332,C,3.57,9.0,3.64,7.0,P
2009-02-13 05:16:58.324,C,3.57,4.0,3.64,7.0,P
2009-02-13 05:16:58.394,C,3.57,9.0,3.64,7.0,P
2009-02-13 05:17:00.624,C,3.57,4.0,3.64,7.0,P
2009-02-13 05:17:00.704,C,3.57,9.0,3.64,7.0,P
2009-02-13 05:17:00.882,C,3.57,4.0,3.64,7.0,P
2009-02-13 05:17:00.954,C,3.57,9.0,3.64,7.0,P
2009-02-13 05:17:02.114,C,3.57,4.0,3.64,7.0,P
2009-02-13 05:17:02.184,C,3.57,9.0,3.64,7.0,P
2009-02-13 05:17:03.854,C,3.57,4.0,3.64,7.0,P
2009-02-13 05:17:03.924,C,3.57,9.0,3.64,7.0,P
2009-02-13 05:17:04.534,C,3.57,4.0,3.64,7.0,P
2009-02-13 05:17:04.614,C,3.57,9.0,3.64,7.0,P
2009-02-13 05:17:08.464,C,3.57,4.0,3.64,7.0,P
2009-02-13 05:17:08.534,C,3.57,9.0,3.64,7.0,P
2009-02-13 05:17:12.754,C,3.57,4.0,3.64,7.0,P
2009-02-13 05:17:12.824,C,3.57,9.0,3.64,7.0,P
2009-02-13 05:17:12.874,C,3.57,4.0,3.64,7.0,P
2009-02-13 05:17:12.944,C,3.57,9.0,3.64,7.0,P
2009-02-13 05:17:15.544,C,3.57,4.0,3.64,7.0,P
2009-02-13 05:17:15.614,C,3.57,9.0,3.64,7.0,P
2009-02-13 05:17:15.873,C,3.57,4.0,3.64,7.0,P
2009-02-13 05:17:15.944,C,3.57,9.0,3.64,7.0,P
2009-02-13 05:17:16.133,C,3.57,4.0,3.64,7.0,P
2009-02-13 05:17:16.211,C,3.57,9.0,3.64,7.0,P
2009-02-13 05:17:16.284,C,3.57,4.0,3.64,7.0,P
2009-02-13 05:17:16.353,C,3.57,4.0,3.64,7.0,P
2009-02-13 05:17:16.423,C,3.57,9.0,3.64,7.0,P
2009-02-13 05:17:16.464,C,3.57,4.0,3.64,7.0,P
2009-02-13 05:17:16.533,C,3.57,9.0,3.64,7.0,P
2009-02-13 05:17:17.663,C,3.57,4.0,3.64,7.0,P
2009-02-13 05:17:17.734,C,3.57,9.0,3.64,7.0,P
2009-02-13 05:17:21.573,C,3.57,4.0,3.64,7.0,P
2009-02-13 05:17:21.643,C,3.57,9.0,3.64,7.0,P
2009-02-13 05:17:34.912,C,3.57,4.0,3.64,7.0,P
2009-02-13 05:17:34.982,C,3.57,9.0,3.64,7.0,P
2009-02-13 05:17:37.812,C,3.57,4.0,3.64,7.0,P
2009-02-13 05:17:37.882,C,3.57,9.0,3.64,7.0,P
2009-02-13 05:17:57.171,C,3.57,4.0,3.64,7.0,P
2009-02-13 05:17:57.251,C,3.57,9.0,3.64,7.0,P
2009-02-13 05:17:57.831,C,3.57,4.0,3.64,7.0,P
2009-02-13 05:17:57.911,C,3.57,9.0,3.64,7.0,P
2009-02-13 05:17:58.321,C,3.57,4.0,3.64,7.0,P
2009-02-13 05:17:58.391,C,3.57,9.0,3.64,7.0,P
2009-02-13 05:18:00.001,C,3.57,4.0,3.64,7.0,P
2009-02-13 05:18:00.081,C,3.57,9.0,3.64,7.0,P
2009-02-13 05:18:15.270,C,3.57,4.0,3.64,7.0,P
2009-02-13 05:18:15.340,C,3.57,9.0,3.64,7.0,P
2009-02-13 05:18:20.120,C,3.57,4.0,3.64,7.0,P
2009-02-13 05:18:20.200,C,3.57,9.0,3.64,7.0,P
2009-02-13 05:18:37.369,C,3.57,4.0,3.64,7.0,P
2009-02-13 05:18:37.449,C,3.57,9.0,3.64,7.0,P
2009-02-13 05:18:37.509,C,3.57,4.0,3.64,7.0,P
2009-02-13 05:18:37.579,C,3.57,9.0,3.64,7.0,P
2009-02-13 05:18:38.879,C,3.57,4.0,3.64,7.0,P
2009-02-13 05:18:38.949,C,3.57,9.0,3.64,7.0,P
2009-02-13 05:18:39.089,C,3.57,4.0,3.64,7.0,P
2009-02-13 05:18:39.159,C,3.57,9.0,3.64,7.0,P
2009-02-13 05:18:39.429,C,3.57,4.0,3.64,7.0,P
2009-02-13 05:18:39.499,C,3.57,9.0,3.64,7.0,P
2009-02-13 05:18:39.626,C,3.57,4.0,3.64,7.0,P
2009-02-13 05:18:39.699,C,3.57,9.0,3.64,7.0,P
2009-02-13 05:18:42.899,C,3.57,4.0,3.64,7.0,P
2009-02-13 05:18:42.969,C,3.57,9.0,3.64,7.0,P
2009-02-13 05:18:43.359,C,3.57,4.0,3.64,7.0,P
2009-02-13 05:18:43.429,C,3.57,9.0,3.64,7.0,P
2009-02-13 05:19:17.847,C,3.57,4.0,3.64,7.0,P
2009-02-13 05:19:17.917,C,3.57,9.0,3.64,7.0,P
2009-02-13 05:19:23.507,C,3.57,4.0,3.64,7.0,P
2009-02-13 05:19:23.576,C,3.57,9.0,3.64,7.0,P
2009-02-13 05:19:35.356,C,3.57,4.0,3.64,7.0,P
2009-02-13 05:19:35.426,C,3.57,9.0,3.64,7.0,P
2009-02-13 05:19:58.835,C,3.57,4.0,3.64,7.0,P
2009-02-13 05:19:58.905,C,3.57,9.0,3.64,7.0,P
2009-02-13 05:19:59.625,C,3.57,4.0,3.64,7.0,P
2009-02-13 05:19:59.695,C,3.57,9.0,3.64,7.0,P
2009-02-13 05:20:09.614,C,3.57,4.0,3.64,7.0,P
2009-02-13 05:20:09.684,C,3.57,9.0,3.64,7.0,P
2009-02-13 05:20:25.124,C,3.57,4.0,3.64,7.0,P
2009-02-13 05:20:25.204,C,3.57,9.0,3.64,7.0,P
2009-02-13 05:20:40.142,C,3.57,4.0,3.64,7.0,P
2009-02-13 05:20:40.223,C,3.57,9.0,3.64,7.0,P
2009-02-13 05:20:54.382,C,3.57,4.0,3.64,7.0,P
2009-02-13 05:20:54.452,C,3.57,9.0,3.64,7.0,P
2009-02-13 05:21:16.450,C,3.57,4.0,3.64,7.0,P
2009-02-13 05:21:16.521,C,3.57,9.0,3.64,7.0,P
2009-02-13 05:21:17.800,C,3.58,1.0,3.64,7.0,P
2009-02-13 05:21:28.900,C,3.57,4.0,3.64,7.0,P
2009-02-13 05:52:12.802,C,3.59,3.0,3.64,7.0,P
2009-02-13 06:00:23.656,C,3.57,4.0,3.64,7.0,P
2009-02-13 06:02:15.490,C,3.58,5.0,3.64,7.0,P
2009-02-13 06:02:30.320,C,3.57,4.0,3.64,7.0,P
2009-02-13 06:02:30.390,C,3.58,5.0,3.64,7.0,P
2009-02-13 06:02:30.690,C,3.57,4.0,3.64,7.0,P
2009-02-13 06:02:30.760,C,3.58,5.0,3.64,7.0,P
2009-02-13 06:02:30.850,C,3.57,4.0,3.64,7.0,P
2009-02-13 06:02:30.920,C,3.58,5.0,3.64,7.0,P
2009-02-13 06:02:35.399,C,3.57,4.0,3.64,7.0,P
2009-02-13 06:02:35.479,C,3.58,5.0,3.64,7.0,P
2009-02-13 06:02:49.888,C,3.57,4.0,3.64,7.0,P
2009-02-13 06:02:49.958,C,3.58,5.0,3.64,7.0,P
2009-02-13 06:03:00.339,C,3.57,4.0,3.64,7.0,P
2009-02-13 06:03:00.408,C,3.57,9.0,3.64,7.0,P
2009-02-13 06:03:01.338,C,3.57,4.0,3.64,7.0,P
2009-02-13 06:03:01.418,C,3.57,9.0,3.64,7.0,P
2009-02-13 06:03:02.348,C,3.57,4.0,3.64,7.0,P
2009-02-13 06:03:02.418,C,3.57,9.0,3.64,7.0,P
2009-02-13 06:03:05.286,C,3.57,4.0,3.64,7.0,P
2009-02-13 06:03:05.355,C,3.57,9.0,3.64,7.0,P
2009-02-13 06:03:06.008,C,3.57,4.0,3.64,7.0,P
2009-02-13 06:03:06.078,C,3.57,9.0,3.64,7.0,P
2009-02-13 06:03:06.138,C,3.57,4.0,3.64,7.0,P
2009-02-13 06:03:06.208,C,3.57,9.0,3.64,7.0,P
2009-02-13 06:03:06.698,C,3.57,4.0,3.64,7.0,P
2009-02-13 06:03:06.767,C,3.57,9.0,3.64,7.0,P
2009-02-13 06:03:06.858,C,3.57,4.0,3.64,7.0,P
2009-02-13 06:03:06.927,C,3.57,9.0,3.64,7.0,P
2009-02-13 06:03:07.538,C,3.57,4.0,3.64,7.0,P
2009-02-13 06:03:07.618,C,3.57,9.0,3.64,7.0,P
2009-02-13 06:03:08.148,C,3.57,4.0,3.64,7.0,P
2009-02-13 06:03:08.225,C,3.57,9.0,3.64,7.0,P
2009-02-13 06:03:08.278,C,3.57,4.0,3.64,7.0,P
2009-02-13 06:03:08.348,C,3.57,9.0,3.64,7.0,P
2009-02-13 06:03:09.858,C,3.57,4.0,3.64,7.0,P
2009-02-13 06:03:09.938,C,3.57,9.0,3.64,7.0,P
2009-02-13 06:03:10.378,C,3.57,4.0,3.64,7.0,P
2009-02-13 06:03:10.448,C,3.57,9.0,3.64,7.0,P
2009-02-13 06:03:11.745,C,3.57,4.0,3.64,7.0,P
2009-02-13 06:03:11.817,C,3.57,9.0,3.64,7.0,P
2009-02-13 06:03:11.848,C,3.57,4.0,3.64,7.0,P
2009-02-13 06:03:11.925,C,3.57,9.0,3.64,7.0,P
2009-02-13 06:03:12.077,C,3.57,4.0,3.64,7.0,P
2009-02-13 06:03:12.157,C,3.57,9.0,3.64,7.0,P
2009-02-13 06:03:12.467,C,3.57,4.0,3.64,7.0,P
2009-02-13 06:03:12.537,C,3.57,4.0,3.64,7.0,P
2009-02-13 06:03:12.618,C,3.57,9.0,3.64,7.0,P
2009-02-13 06:03:13.365,C,3.57,4.0,3.64,7.0,P
2009-02-13 06:03:13.427,C,3.57,9.0,3.64,7.0,P
2009-02-13 06:03:15.867,C,3.57,4.0,3.64,7.0,P
2009-02-13 06:03:15.947,C,3.57,9.0,3.64,7.0,P
2009-02-13 06:03:17.367,C,3.57,4.0,3.64,7.0,P
2009-02-13 06:03:17.437,C,3.57,9.0,3.64,7.0,P
2009-02-13 06:03:17.847,C,3.57,4.0,3.64,7.0,P
2009-02-13 06:03:17.917,C,3.57,9.0,3.64,7.0,P
2009-02-13 06:03:18.087,C,3.57,4.0,3.64,7.0,P
2009-02-13 06:03:18.157,C,3.57,9.0,3.64,7.0,P
2009-02-13 06:03:18.277,C,3.57,4.0,3.64,7.0,P
2009-02-13 06:03:18.347,C,3.57,9.0,3.64,7.0,P
2009-02-13 06:03:22.637,C,3.57,4.0,3.64,7.0,P
2009-02-13 06:03:22.707,C,3.57,9.0,3.64,7.0,P
2009-02-13 06:03:27.177,C,3.57,4.0,3.64,7.0,P
2009-02-13 06:03:27.246,C,3.57,9.0,3.64,7.0,P
2009-02-13 06:03:29.597,C,3.57,4.0,3.64,7.0,P
2009-02-13 06:03:29.666,C,3.57,9.0,3.64,7.0,P
2009-02-13 06:03:30.456,C,3.57,4.0,3.64,7.0,P
2009-02-13 06:03:30.537,C,3.57,9.0,3.64,7.0,P
2009-02-13 06:03:36.519,C,3.57,4.0,3.64,7.0,P
2009-02-13 06:03:36.586,C,3.57,9.0,3.64,7.0,P
2009-02-13 06:03:39.466,C,3.57,4.0,3.64,7.0,P
2009-02-13 06:03:39.536,C,3.57,9.0,3.64,7.0,P
2009-02-13 06:03:46.736,C,3.57,4.0,3.64,7.0,P
2009-02-13 06:03:46.806,C,3.57,9.0,3.64,7.0,P
2009-02-13 06:04:00.515,C,3.57,4.0,3.64,7.0,P
2009-02-13 06:04:00.595,C,3.57,9.0,3.64,7.0,P
2009-02-13 06:04:04.858,C,3.57,4.0,3.64,7.0,P
2009-02-13 06:04:04.930,C,3.57,9.0,3.64,7.0,P
2009-02-13 06:04:06.015,C,3.57,4.0,3.64,7.0,P
2009-02-13 06:04:06.084,C,3.57,9.0,3.64,7.0,P
2009-02-13 06:04:06.355,C,3.57,4.0,3.64,7.0,P
2009-02-13 06:04:06.435,C,3.57,9.0,3.64,7.0,P
2009-02-13 06:04:17.374,C,3.57,4.0,3.64,7.0,P
2009-02-13 06:04:17.444,C,3.57,9.0,3.64,7.0,P
2009-02-13 06:04:23.344,C,3.57,4.0,3.64,7.0,P
2009-02-13 06:04:23.414,C,3.57,9.0,3.64,7.0,P
2009-02-13 06:04:29.853,C,3.57,4.0,3.64,7.0,P
2009-02-13 06:04:29.924,C,3.57,9.0,3.64,7.0,P
2009-02-13 06:04:39.613,C,3.57,4.0,3.64,7.0,P
2009-02-13 06:04:39.683,C,3.57,9.0,3.64,7.0,P
2009-02-13 06:04:40.613,C,3.57,4.0,3.64,7.0,P
2009-02-13 06:04:40.693,C,3.57,9.0,3.64,7.0,P
2009-02-13 06:04:47.932,C,3.57,4.0,3.64,7.0,P
2009-02-13 06:04:48.012,C,3.57,9.0,3.64,7.0,P
2009-02-13 06:04:53.132,C,3.57,4.0,3.64,7.0,P
2009-02-13 06:04:53.202,C,3.57,9.0,3.64,7.0,P
2009-02-13 06:05:04.131,C,3.58,5.0,3.64,7.0,P
2009-02-13 06:05:08.854,C,3.57,4.0,3.64,7.0,P
2009-02-13 06:05:08.921,C,3.58,5.0,3.64,7.0,P
2009-02-13 06:05:10.301,C,3.57,4.0,3.64,7.0,P
2009-02-13 06:05:10.371,C,3.58,5.0,3.64,7.0,P
2009-02-13 06:05:13.771,C,3.57,4.0,3.64,7.0,P
2009-02-13 06:05:13.841,C,3.58,5.0,3.64,7.0,P
2009-02-13 06:05:19.011,C,3.57,4.0,3.64,7.0,P
2009-02-13 06:05:19.080,C,3.57,9.0,3.64,7.0,P
2009-02-13 06:05:19.361,C,3.57,4.0,3.64,7.0,P
2009-02-13 06:05:19.431,C,3.57,9.0,3.64,7.0,P
2009-02-13 06:05:21.650,C,3.57,4.0,3.64,7.0,P
2009-02-13 06:05:21.721,C,3.57,9.0,3.64,7.0,P
2009-02-13 06:05:23.510,C,3.57,4.0,3.64,7.0,P
2009-02-13 06:05:23.580,C,3.57,9.0,3.64,7.0,P
2009-02-13 06:05:25.440,C,3.57,4.0,3.64,7.0,P
2009-02-13 06:05:25.510,C,3.57,9.0,3.64,7.0,P
2009-02-13 06:05:27.350,C,3.57,4.0,3.64,7.0,P
2009-02-13 06:05:27.421,C,3.57,9.0,3.64,7.0,P
2009-02-13 06:05:34.160,C,3.57,4.0,3.64,7.0,P
2009-02-13 06:05:34.230,C,3.57,9.0,3.64,7.0,P
2009-02-13 06:05:34.246,C,3.57,4.0,3.64,7.0,P
2009-02-13 06:05:34.310,C,3.57,9.0,3.64,7.0,P
2009-02-13 06:05:46.629,C,3.58,5.0,3.64,7.0,P
2009-02-13 06:05:57.849,C,3.57,4.0,3.64,7.0,P
2009-02-13 06:05:57.919,C,3.58,5.0,3.64,7.0,P
2009-02-13 06:06:00.108,C,3.57,4.0,3.64,7.0,P
2009-02-13 06:06:00.188,C,3.58,5.0,3.64,7.0,P
2009-02-13 06:06:04.268,C,3.57,4.0,3.64,7.0,P
2009-02-13 06:06:04.348,C,3.58,5.0,3.64,7.0,P
2009-02-13 06:06:52.506,C,3.57,4.0,3.64,7.0,P
2009-02-13 06:06:52.576,C,3.57,9.0,3.64,7.0,P
2009-02-13 06:06:56.625,C,3.57,4.0,3.64,7.0,P
2009-02-13 06:06:56.695,C,3.57,9.0,3.64,7.0,P
2009-02-13 06:06:57.846,C,3.57,4.0,3.64,7.0,P
2009-02-13 06:06:57.916,C,3.57,9.0,3.64,7.0,P
2009-02-13 06:06:58.125,C,3.58,5.0,3.64,7.0,P
2009-02-13 06:07:02.535,C,3.57,4.0,3.64,7.0,P
2009-02-13 06:07:02.605,C,3.57,9.0,3.64,7.0,P
2009-02-13 06:07:12.144,C,3.58,5.0,3.64,7.0,P
2009-02-13 06:07:34.114,C,3.57,4.0,3.64,7.0,P
2009-02-13 06:07:34.184,C,3.57,9.0,3.64,7.0,P
2009-02-13 06:07:38.533,C,3.57,4.0,3.64,7.0,P
2009-02-13 06:07:38.603,C,3.57,9.0,3.64,7.0,P
2009-02-13 06:07:46.430,C,3.57,4.0,3.64,7.0,P
2009-02-13 06:07:46.493,C,3.57,9.0,3.64,7.0,P
2009-02-13 06:07:52.993,C,3.57,4.0,3.64,7.0,P
2009-02-13 06:07:53.063,C,3.57,9.0,3.64,7.0,P
2009-02-13 06:07:53.333,C,3.57,4.0,3.64,7.0,P
2009-02-13 06:07:53.413,C,3.57,9.0,3.64,7.0,P
2009-02-13 06:07:56.342,C,3.57,4.0,3.64,7.0,P
2009-02-13 06:07:56.413,C,3.57,9.0,3.64,7.0,P
2009-02-13 06:07:58.992,C,3.57,4.0,3.64,7.0,P
2009-02-13 06:07:59.072,C,3.57,9.0,3.64,7.0,P
2009-02-13 06:07:59.162,C,3.57,4.0,3.64,7.0,P
2009-02-13 06:07:59.233,C,3.57,9.0,3.64,7.0,P
2009-02-13 06:08:00.872,C,3.57,4.0,3.64,7.0,P
2009-02-13 06:08:00.942,C,3.57,9.0,3.64,7.0,P
2009-02-13 06:08:01.842,C,3.57,4.0,3.64,7.0,P
2009-02-13 06:08:01.912,C,3.57,9.0,3.64,7.0,P
2009-02-13 06:08:02.202,C,3.57,4.0,3.64,7.0,P
2009-02-13 06:08:02.282,C,3.57,9.0,3.64,7.0,P
2009-02-13 06:08:05.612,C,3.57,4.0,3.64,7.0,P
2009-02-13 06:08:05.682,C,3.57,9.0,3.64,7.0,P
2009-02-13 06:08:27.548,C,3.57,4.0,3.64,7.0,P
2009-02-13 06:08:27.621,C,3.57,9.0,3.64,7.0,P
2009-02-13 06:08:27.710,C,3.57,4.0,3.64,7.0,P
2009-02-13 06:08:27.781,C,3.57,9.0,3.64,7.0,P
2009-02-13 06:08:28.350,C,3.57,4.0,3.64,7.0,P
2009-02-13 06:08:28.431,C,3.57,9.0,3.64,7.0,P
2009-02-13 06:08:32.110,C,3.57,4.0,3.64,7.0,P
2009-02-13 06:08:32.190,C,3.57,9.0,3.64,7.0,P
2009-02-13 06:08:33.130,C,3.57,4.0,3.64,7.0,P
2009-02-13 06:08:33.200,C,3.57,9.0,3.64,7.0,P
2009-02-13 06:08:35.520,C,3.57,4.0,3.64,7.0,P
2009-02-13 06:08:35.590,C,3.57,9.0,3.64,7.0,P
2009-02-13 06:08:48.369,C,3.57,4.0,3.64,7.0,P
2009-02-13 06:08:48.439,C,3.57,9.0,3.64,7.0,P
2009-02-13 06:09:28.328,C,3.57,4.0,3.64,7.0,P
2009-02-13 06:09:28.397,C,3.57,9.0,3.64,7.0,P
2009-02-13 06:09:37.637,C,3.57,4.0,3.64,7.0,P
2009-02-13 06:09:37.707,C,3.57,9.0,3.64,7.0,P
2009-02-13 06:09:59.566,C,3.57,4.0,3.64,7.0,P
2009-02-13 06:09:59.646,C,3.57,9.0,3.64,7.0,P
2009-02-13 06:10:12.365,C,3.57,4.0,3.64,7.0,P
2009-02-13 06:10:12.445,C,3.57,9.0,3.64,7.0,P
2009-02-13 06:10:39.614,C,3.57,4.0,3.64,7.0,P
2009-02-13 06:10:39.694,C,3.57,9.0,3.64,7.0,P
2009-02-13 06:10:49.823,C,3.57,4.0,3.64,7.0,P
2009-02-13 06:10:49.893,C,3.57,9.0,3.64,7.0,P
2009-02-13 06:10:49.993,C,3.57,4.0,3.64,7.0,P
2009-02-13 06:10:50.063,C,3.57,9.0,3.64,7.0,P
2009-02-13 06:10:55.843,C,3.57,4.0,3.64,7.0,P
2009-02-13 06:10:55.913,C,3.57,9.0,3.64,7.0,P
2009-02-13 06:10:56.133,C,3.57,4.0,3.64,7.0,P
2009-02-13 06:10:56.203,C,3.57,9.0,3.64,7.0,P
2009-02-13 06:10:57.342,C,3.57,4.0,3.64,7.0,P
2009-02-13 06:10:57.413,C,3.57,9.0,3.64,7.0,P
2009-02-13 06:11:00.133,C,3.57,4.0,3.64,7.0,P
2009-02-13 06:11:00.203,C,3.57,9.0,3.64,7.0,P
2009-02-13 06:11:01.123,C,3.57,4.0,3.64,7.0,P
2009-02-13 06:11:01.193,C,3.57,9.0,3.64,7.0,P
2009-02-13 06:11:01.712,C,3.61,5.0,3.64,7.0,P
2009-02-13 06:11:04.322,C,3.57,4.0,3.64,7.0,P
2009-02-13 06:11:04.402,C,3.61,5.0,3.64,7.0,P
2009-02-13 06:11:05.132,C,3.57,4.0,3.64,7.0,P
2009-02-13 06:11:05.202,C,3.61,5.0,3.64,7.0,P
2009-02-13 06:11:07.700,C,3.57,4.0,3.64,7.0,P
2009-02-13 06:11:07.762,C,3.61,5.0,3.64,7.0,P
2009-02-13 06:11:08.022,C,3.57,4.0,3.64,7.0,P
2009-02-13 06:11:08.092,C,3.61,5.0,3.64,7.0,P
2009-02-13 06:11:11.362,C,3.57,4.0,3.64,7.0,P
2009-02-13 06:11:11.439,C,3.61,5.0,3.64,7.0,P
2009-02-13 06:11:15.252,C,3.57,4.0,3.64,7.0,P
2009-02-13 06:11:15.322,C,3.61,5.0,3.64,7.0,P
2009-02-13 06:11:30.741,C,3.57,4.0,3.64,7.0,P
2009-02-13 06:11:30.811,C,3.61,5.0,3.64,7.0,P
2009-02-13 06:11:31.131,C,3.57,4.0,3.64,7.0,P
2009-02-13 06:11:31.201,C,3.61,5.0,3.64,7.0,P
2009-02-13 06:11:45.008,C,3.57,4.0,3.64,7.0,P
2009-02-13 06:11:45.080,C,3.61,5.0,3.64,7.0,P
2009-02-13 06:11:45.770,C,3.57,4.0,3.64,7.0,P
2009-02-13 06:11:45.848,C,3.61,5.0,3.64,7.0,P
2009-02-13 06:11:46.390,C,3.57,4.0,3.64,7.0,P
2009-02-13 06:11:46.460,C,3.61,5.0,3.64,7.0,P
2009-02-13 06:11:52.060,C,3.57,4.0,3.64,7.0,P
2009-02-13 06:11:52.130,C,3.61,5.0,3.64,7.0,P
2009-02-13 06:12:20.119,C,3.57,4.0,3.64,7.0,P
2009-02-13 06:12:20.196,C,3.61,5.0,3.64,7.0,P
2009-02-13 06:12:20.329,C,3.57,4.0,3.64,7.0,P
2009-02-13 06:12:20.399,C,3.61,5.0,3.64,7.0,P
2009-02-13 06:12:20.668,C,3.57,4.0,3.64,7.0,P
2009-02-13 06:12:20.738,C,3.61,5.0,3.64,7.0,P
2009-02-13 06:12:30.858,C,3.57,4.0,3.64,7.0,P
2009-02-13 06:12:30.928,C,3.61,5.0,3.64,7.0,P
2009-02-13 06:12:38.628,C,3.57,4.0,3.64,7.0,P
2009-02-13 06:12:38.697,C,3.61,5.0,3.64,7.0,P
2009-02-13 06:13:31.274,C,3.57,4.0,3.64,7.0,P
2009-02-13 06:13:31.344,C,3.61,5.0,3.64,7.0,P
2009-02-13 06:13:56.533,C,3.57,4.0,3.64,7.0,P
2009-02-13 06:13:56.603,C,3.61,5.0,3.64,7.0,P
2009-02-13 06:13:57.303,C,3.57,4.0,3.64,7.0,P
2009-02-13 06:13:57.373,C,3.61,5.0,3.64,7.0,P
2009-02-13 06:14:03.543,C,3.57,4.0,3.64,7.0,P
2009-02-13 06:14:03.613,C,3.61,5.0,3.64,7.0,P
2009-02-13 06:14:04.953,C,3.57,4.0,3.64,7.0,P
2009-02-13 06:14:05.023,C,3.61,5.0,3.64,7.0,P
2009-02-13 06:14:06.102,C,3.57,4.0,3.64,7.0,P
2009-02-13 06:14:06.183,C,3.61,5.0,3.64,7.0,P
2009-02-13 06:14:08.873,C,3.57,4.0,3.64,7.0,P
2009-02-13 06:14:08.953,C,3.61,5.0,3.64,7.0,P
2009-02-13 06:14:09.282,C,3.57,4.0,3.64,7.0,P
2009-02-13 06:14:09.353,C,3.61,5.0,3.64,7.0,P
2009-02-13 06:14:12.823,C,3.57,4.0,3.64,7.0,P
2009-02-13 06:14:12.892,C,3.61,5.0,3.64,7.0,P
2009-02-13 06:14:15.842,C,3.57,4.0,3.64,7.0,P
2009-02-13 06:14:15.912,C,3.61,5.0,3.64,7.0,P
2009-02-13 06:14:22.192,C,3.57,4.0,3.64,7.0,P
2009-02-13 06:14:22.272,C,3.61,5.0,3.64,7.0,P
2009-02-13 06:14:22.452,C,3.57,4.0,3.64,7.0,P
2009-02-13 06:14:22.532,C,3.61,5.0,3.64,7.0,P
2009-02-13 06:14:32.851,C,3.57,4.0,3.64,7.0,P
2009-02-13 06:14:32.921,C,3.61,5.0,3.64,7.0,P
2009-02-13 06:14:34.601,C,3.57,4.0,3.64,7.0,P
2009-02-13 06:14:34.671,C,3.61,5.0,3.64,7.0,P
2009-02-13 06:14:45.020,C,3.57,4.0,3.64,7.0,P
2009-02-13 06:14:45.091,C,3.61,5.0,3.64,7.0,P
2009-02-13 06:14:58.610,C,3.57,4.0,3.64,7.0,P
2009-02-13 06:14:58.690,C,3.61,5.0,3.64,7.0,P
2009-02-13 06:15:02.070,C,3.57,4.0,3.64,7.0,P
2009-02-13 06:15:02.149,C,3.61,5.0,3.64,7.0,P
2009-02-13 06:15:05.480,C,3.57,4.0,3.64,7.0,P
2009-02-13 06:15:05.550,C,3.61,5.0,3.64,7.0,P
2009-02-13 06:15:06.979,C,3.57,4.0,3.64,7.0,P
2009-02-13 06:15:07.050,C,3.61,5.0,3.64,7.0,P
2009-02-13 06:15:09.019,C,3.57,4.0,3.64,7.0,P
2009-02-13 06:15:09.089,C,3.61,5.0,3.64,7.0,P
2009-02-13 06:15:11.599,C,3.57,4.0,3.64,7.0,P
2009-02-13 06:15:11.669,C,3.61,5.0,3.64,7.0,P
2009-02-13 06:15:25.858,C,3.57,4.0,3.64,7.0,P
2009-02-13 06:15:25.939,C,3.61,5.0,3.64,7.0,P
2009-02-13 06:15:34.628,C,3.57,4.0,3.64,7.0,P
2009-02-13 06:15:34.698,C,3.61,5.0,3.64,7.0,P
2009-02-13 06:15:37.498,C,3.57,4.0,3.64,7.0,P
2009-02-13 06:15:37.568,C,3.61,5.0,3.64,7.0,P
2009-02-13 06:15:40.128,C,3.57,4.0,3.64,7.0,P
2009-02-13 06:15:40.198,C,3.61,5.0,3.64,7.0,P
2009-02-13 06:15:44.777,C,3.57,4.0,3.64,7.0,P
2009-02-13 06:15:44.857,C,3.61,5.0,3.64,7.0,P
2009-02-13 06:16:47.044,C,3.57,4.0,3.64,7.0,P
2009-02-13 06:16:47.114,C,3.61,5.0,3.64,7.0,P
2009-02-13 06:16:50.864,C,3.57,4.0,3.64,7.0,P
2009-02-13 06:16:50.935,C,3.61,5.0,3.64,7.0,P
2009-02-13 06:17:02.443,C,3.57,4.0,3.64,7.0,P
2009-02-13 06:17:02.514,C,3.61,5.0,3.64,7.0,P
2009-02-13 06:17:04.694,C,3.57,4.0,3.64,7.0,P
2009-02-13 06:17:04.773,C,3.61,5.0,3.64,7.0,P
2009-02-13 06:17:20.122,C,3.57,4.0,3.64,7.0,P
2009-02-13 06:17:20.192,C,3.61,5.0,3.64,7.0,P
2009-02-13 06:17:42.689,C,3.57,4.0,3.64,7.0,P
2009-02-13 06:17:42.761,C,3.61,5.0,3.64,7.0,P
2009-02-13 06:18:01.670,C,3.57,4.0,3.64,7.0,P
2009-02-13 06:18:01.740,C,3.61,5.0,3.64,7.0,P
2009-02-13 06:18:06.790,C,3.57,4.0,3.64,7.0,P
2009-02-13 06:18:06.860,C,3.61,5.0,3.64,7.0,P
2009-02-13 06:18:06.900,C,3.57,4.0,3.64,7.0,P
2009-02-13 06:18:06.980,C,3.61,5.0,3.64,7.0,P
2009-02-13 06:18:07.060,C,3.57,4.0,3.64,7.0,P
2009-02-13 06:18:07.140,C,3.61,5.0,3.64,7.0,P
2009-02-13 06:18:09.840,C,3.57,4.0,3.64,7.0,P
2009-02-13 06:18:09.927,C,3.61,5.0,3.64,7.0,P
2009-02-13 06:18:14.270,C,3.57,4.0,3.64,7.0,P
2009-02-13 06:18:14.350,C,3.61,5.0,3.64,7.0,P
2009-02-13 06:18:16.869,C,3.57,4.0,3.64,7.0,P
2009-02-13 06:18:16.939,C,3.61,5.0,3.64,7.0,P
2009-02-13 06:18:20.620,C,3.57,4.0,3.64,7.0,P
2009-02-13 06:18:20.700,C,3.61,5.0,3.64,7.0,P
2009-02-13 06:18:23.129,C,3.57,4.0,3.64,7.0,P
2009-02-13 06:18:23.199,C,3.61,5.0,3.64,7.0,P
2009-02-13 06:18:24.269,C,3.57,4.0,3.64,7.0,P
2009-02-13 06:18:24.339,C,3.61,5.0,3.64,7.0,P
2009-02-13 06:18:43.618,C,3.57,4.0,3.64,7.0,P
2009-02-13 06:18:43.688,C,3.61,5.0,3.64,7.0,P
2009-02-13 06:18:44.868,C,3.57,4.0,3.64,7.0,P
2009-02-13 06:18:44.938,C,3.61,5.0,3.64,7.0,P
2009-02-13 06:18:46.138,C,3.57,4.0,3.64,7.0,P
2009-02-13 06:18:46.208,C,3.61,5.0,3.64,7.0,P
2009-02-13 06:18:46.648,C,3.57,4.0,3.64,7.0,P
2009-02-13 06:18:46.718,C,3.61,5.0,3.64,7.0,P
2009-02-13 06:18:46.908,C,3.57,4.0,3.64,7.0,P
2009-02-13 06:18:46.978,C,3.61,5.0,3.64,7.0,P
2009-02-13 06:18:57.127,C,3.57,4.0,3.64,7.0,P
2009-02-13 06:18:57.198,C,3.61,5.0,3.64,7.0,P
2009-02-13 06:19:21.676,C,3.57,4.0,3.64,7.0,P
2009-02-13 06:19:21.746,C,3.61,5.0,3.64,7.0,P
2009-02-13 06:19:22.356,C,3.57,4.0,3.64,7.0,P
2009-02-13 06:19:22.426,C,3.61,5.0,3.64,7.0,P
2009-02-13 06:19:59.284,C,3.57,4.0,3.64,7.0,P
2009-02-13 06:19:59.364,C,3.61,5.0,3.64,7.0,P
2009-02-13 06:20:20.131,C,3.57,4.0,3.64,7.0,P
2009-02-13 06:20:20.203,C,3.61,5.0,3.64,7.0,P
2009-02-13 06:20:20.703,C,3.57,4.0,3.64,7.0,P
2009-02-13 06:20:20.773,C,3.61,5.0,3.64,7.0,P
2009-02-13 06:20:22.971,C,3.57,4.0,3.64,7.0,P
2009-02-13 06:20:23.033,C,3.61,5.0,3.64,7.0,P
2009-02-13 06:20:31.842,C,3.57,4.0,3.64,7.0,P
2009-02-13 06:20:31.930,C,3.61,5.0,3.64,7.0,P
2009-02-13 06:20:32.012,C,3.57,4.0,3.64,7.0,P
2009-02-13 06:20:32.092,C,3.61,5.0,3.64,7.0,P
2009-02-13 06:20:44.862,C,3.57,4.0,3.64,7.0,P
2009-02-13 06:20:44.942,C,3.61,5.0,3.64,7.0,P
2009-02-13 06:20:46.782,C,3.57,4.0,3.64,7.0,P
2009-02-13 06:20:46.852,C,3.61,5.0,3.64,7.0,P
2009-02-13 06:21:11.281,C,3.57,4.0,3.64,7.0,P
2009-02-13 06:21:11.350,C,3.61,5.0,3.64,7.0,P
2009-02-13 06:21:12.100,C,3.57,4.0,3.64,7.0,P
2009-02-13 06:21:12.180,C,3.61,5.0,3.64,7.0,P
2009-02-13 06:21:32.119,C,3.57,4.0,3.64,7.0,P
2009-02-13 06:21:32.199,C,3.61,5.0,3.64,7.0,P
2009-02-13 06:22:09.157,C,3.57,4.0,3.64,7.0,P
2009-02-13 06:22:09.238,C,3.61,5.0,3.64,7.0,P
2009-02-13 06:22:27.136,C,3.57,4.0,3.64,7.0,P
2009-02-13 06:22:27.206,C,3.61,5.0,3.64,7.0,P
2009-02-13 06:22:30.736,C,3.57,4.0,3.64,7.0,P
2009-02-13 06:22:30.816,C,3.61,5.0,3.64,7.0,P
2009-02-13 06:23:03.664,C,3.57,4.0,3.64,7.0,P
2009-02-13 06:23:03.734,C,3.61,5.0,3.64,7.0,P
2009-02-13 06:24:13.451,C,3.57,4.0,3.64,7.0,P
2009-02-13 06:24:13.521,C,3.61,5.0,3.64,7.0,P
2009-02-13 06:24:13.621,C,3.57,4.0,3.64,7.0,P
2009-02-13 06:24:13.691,C,3.61,5.0,3.64,7.0,P
2009-02-13 06:24:44.349,C,3.57,4.0,3.64,7.0,P
2009-02-13 06:24:44.419,C,3.61,5.0,3.64,7.0,P
2009-02-13 06:24:53.109,C,3.57,4.0,3.64,7.0,P
2009-02-13 06:24:53.179,C,3.61,5.0,3.64,7.0,P
2009-02-13 06:24:53.958,C,3.57,4.0,3.64,7.0,P
2009-02-13 06:24:54.028,C,3.61,5.0,3.64,7.0,P
2009-02-13 06:24:54.308,C,3.57,4.0,3.64,7.0,P
2009-02-13 06:24:54.388,C,3.61,5.0,3.64,7.0,P
2009-02-13 06:24:54.658,C,3.57,4.0,3.64,7.0,P
2009-02-13 06:24:54.728,C,3.61,5.0,3.64,7.0,P
2009-02-13 06:25:30.627,C,3.57,4.0,3.64,7.0,P
2009-02-13 06:25:30.696,C,3.61,5.0,3.64,7.0,P
2009-02-13 06:25:30.957,C,3.57,4.0,3.64,7.0,P
2009-02-13 06:25:31.037,C,3.61,5.0,3.64,7.0,P
2009-02-13 06:25:32.117,C,3.57,4.0,3.64,7.0,P
2009-02-13 06:25:32.196,C,3.61,5.0,3.64,7.0,P
2009-02-13 06:25:32.407,C,3.57,4.0,3.64,7.0,P
2009-02-13 06:25:32.492,C,3.61,5.0,3.64,7.0,P
2009-02-13 06:26:31.953,C,3.57,4.0,3.64,7.0,P
2009-02-13 06:26:32.033,C,3.61,5.0,3.64,7.0,P
2009-02-13 06:26:40.032,C,3.61,5.0,3.64,3.0,P
2009-02-13 06:26:40.042,C,3.61,5.0,3.63,4.0,P
2009-02-13 06:26:40.123,C,3.57,4.0,3.63,4.0,P
2009-02-13 06:26:40.193,C,3.61,5.0,3.63,4.0,P
2009-02-13 06:26:43.383,C,3.57,4.0,3.63,4.0,P
2009-02-13 06:26:43.453,C,3.61,5.0,3.63,4.0,P
2009-02-13 06:27:12.331,C,3.57,4.0,3.63,4.0,P
2009-02-13 06:27:12.411,C,3.61,5.0,3.63,4.0,P
2009-02-13 06:27:20.840,C,3.57,4.0,3.63,4.0,P
2009-02-13 06:27:20.910,C,3.59,5.0,3.63,4.0,P
2009-02-13 06:27:28.100,C,3.57,4.0,3.63,4.0,P
2009-02-13 06:27:28.170,C,3.58,15.0,3.63,4.0,P
2009-02-13 06:27:29.450,C,3.57,4.0,3.63,4.0,P
2009-02-13 06:27:29.530,C,3.58,15.0,3.63,4.0,P
2009-02-13 06:27:40.459,C,3.59,5.0,3.63,4.0,P
2009-02-13 06:27:54.999,C,3.57,9.0,3.63,4.0,P
2009-02-13 06:27:55.009,C,3.57,4.0,3.63,4.0,P
2009-02-13 06:27:55.079,C,3.59,5.0,3.63,4.0,P
2009-02-13 06:27:56.179,C,3.57,4.0,3.63,4.0,P
2009-02-13 06:27:56.249,C,3.59,5.0,3.63,4.0,P
2009-02-13 06:27:56.439,C,3.57,4.0,3.63,4.0,P
2009-02-13 06:27:56.508,C,3.58,5.0,3.63,4.0,P
2009-02-13 06:27:56.509,C,3.59,5.0,3.63,4.0,P
2009-02-13 06:28:17.608,C,3.57,4.0,3.63,4.0,P
2009-02-13 06:28:17.688,C,3.59,5.0,3.63,4.0,P
2009-02-13 06:29:34.073,C,3.58,5.0,3.63,4.0,P
2009-02-13 06:29:34.083,C,3.57,4.0,3.63,4.0,P
2009-02-13 06:29:34.154,C,3.59,5.0,3.63,4.0,P
2009-02-13 06:30:01.062,C,3.57,4.0,3.63,4.0,P
2009-02-13 06:30:01.142,C,3.59,5.0,3.63,4.0,P
2009-02-13 06:30:08.142,C,3.57,4.0,3.63,4.0,P
2009-02-13 06:30:08.212,C,3.59,5.0,3.63,4.0,P
2009-02-13 06:30:08.452,C,3.57,4.0,3.63,4.0,P
2009-02-13 06:30:08.522,C,3.59,5.0,3.63,4.0,P
2009-02-13 06:30:12.372,C,3.57,4.0,3.63,4.0,P
2009-02-13 06:30:12.442,C,3.59,5.0,3.63,4.0,P
2009-02-13 06:30:36.130,C,3.57,4.0,3.63,4.0,P
2009-02-13 06:30:36.200,C,3.59,5.0,3.63,4.0,P
2009-02-13 06:30:57.359,C,3.57,4.0,3.63,4.0,P
2009-02-13 06:30:57.429,C,3.59,5.0,3.63,4.0,P
2009-02-13 06:30:58.379,C,3.57,4.0,3.63,4.0,P
2009-02-13 06:30:58.449,C,3.59,5.0,3.63,4.0,P
2009-02-13 06:30:58.499,C,3.57,4.0,3.63,4.0,P
2009-02-13 06:30:58.569,C,3.59,5.0,3.63,4.0,P
2009-02-13 06:31:07.859,C,3.57,4.0,3.63,4.0,P
2009-02-13 06:31:07.939,C,3.59,5.0,3.63,4.0,P
2009-02-13 06:31:32.868,C,3.57,4.0,3.63,4.0,P
2009-02-13 06:31:32.937,C,3.59,5.0,3.63,4.0,P
2009-02-13 06:31:33.227,C,3.57,4.0,3.63,4.0,P
2009-02-13 06:31:33.297,C,3.59,5.0,3.63,4.0,P
2009-02-13 06:33:01.123,C,3.57,4.0,3.63,4.0,P
2009-02-13 06:33:01.203,C,3.59,5.0,3.63,4.0,P
2009-02-13 06:33:02.613,C,3.57,4.0,3.63,4.0,P
2009-02-13 06:33:02.683,C,3.59,5.0,3.63,4.0,P
2009-02-13 06:35:20.595,C,3.57,4.0,3.63,4.0,P
2009-02-13 06:35:20.676,C,3.59,5.0,3.63,4.0,P
2009-02-13 06:35:54.624,C,3.57,4.0,3.63,4.0,P
2009-02-13 06:35:54.693,C,3.59,5.0,3.63,4.0,P
2009-02-13 06:35:54.774,C,3.57,4.0,3.63,4.0,P
2009-02-13 06:35:54.854,C,3.59,5.0,3.63,4.0,P
2009-02-13 06:35:57.883,C,3.57,4.0,3.63,4.0,P
2009-02-13 06:35:57.964,C,3.59,5.0,3.63,4.0,P
2009-02-13 06:35:58.123,C,3.57,4.0,3.63,4.0,P
2009-02-13 06:35:58.194,C,3.59,5.0,3.63,4.0,P
2009-02-13 06:36:05.483,C,3.57,4.0,3.63,4.0,P
2009-02-13 06:36:05.563,C,3.59,5.0,3.63,4.0,P
2009-02-13 06:36:09.702,C,3.57,4.0,3.63,4.0,P
2009-02-13 06:36:09.773,C,3.59,5.0,3.63,4.0,P
2009-02-13 06:36:21.872,C,3.57,4.0,3.63,4.0,P
2009-02-13 06:36:21.942,C,3.59,5.0,3.63,4.0,P
2009-02-13 06:36:25.101,C,3.57,4.0,3.63,4.0,P
2009-02-13 06:36:25.172,C,3.59,5.0,3.63,4.0,P
2009-02-13 06:36:25.192,C,3.57,4.0,3.63,4.0,P
2009-02-13 06:36:25.272,C,3.59,5.0,3.63,4.0,P
2009-02-13 06:36:42.281,C,3.57,4.0,3.63,4.0,P
2009-02-13 06:36:42.361,C,3.59,5.0,3.63,4.0,P
2009-02-13 06:36:43.940,C,3.57,4.0,3.63,4.0,P
2009-02-13 06:36:44.021,C,3.59,5.0,3.63,4.0,P
2009-02-13 06:36:44.101,C,3.57,4.0,3.63,4.0,P
2009-02-13 06:36:44.170,C,3.59,5.0,3.63,4.0,P
2009-02-13 06:36:45.641,C,3.57,4.0,3.63,4.0,P
2009-02-13 06:36:45.721,C,3.59,5.0,3.63,4.0,P
2009-02-13 06:36:45.841,C,3.57,4.0,3.63,4.0,P
2009-02-13 06:36:45.921,C,3.59,5.0,3.63,4.0,P
2009-02-13 06:37:07.360,C,3.57,4.0,3.63,4.0,P
2009-02-13 06:37:07.429,C,3.59,5.0,3.63,4.0,P
2009-02-13 06:37:07.630,C,3.57,4.0,3.63,4.0,P
2009-02-13 06:37:07.700,C,3.59,5.0,3.63,4.0,P
2009-02-13 06:39:06.134,C,3.57,4.0,3.63,4.0,P
2009-02-13 06:39:06.204,C,3.59,5.0,3.63,4.0,P
2009-02-13 06:39:06.204,C,3.58,10.0,3.63,4.0,P
2009-02-13 06:39:37.792,C,3.57,4.0,3.63,4.0,P
2009-02-13 06:39:37.872,C,3.59,5.0,3.63,4.0,P
2009-02-13 06:40:03.138,C,3.57,4.0,3.63,4.0,P
2009-02-13 06:40:03.270,C,3.59,5.0,3.63,4.0,P
2009-02-13 06:40:45.988,C,3.57,4.0,3.63,4.0,P
2009-02-13 06:40:46.073,C,3.58,10.0,3.63,4.0,P
2009-02-13 06:40:46.127,C,3.59,5.0,3.63,4.0,P
2009-02-13 06:42:32.123,C,3.57,4.0,3.63,4.0,P
2009-02-13 06:42:32.192,C,3.59,5.0,3.63,4.0,P
2009-02-13 06:42:53.631,C,3.57,4.0,3.63,4.0,P
2009-02-13 06:42:53.701,C,3.59,5.0,3.63,4.0,P
2009-02-13 06:43:00.781,C,3.57,4.0,3.63,4.0,P
2009-02-13 06:43:00.858,C,3.58,10.0,3.63,4.0,P
2009-02-13 06:43:00.920,C,3.59,5.0,3.63,4.0,P
2009-02-13 06:43:17.800,C,3.57,4.0,3.63,4.0,P
2009-02-13 06:43:17.869,C,3.59,5.0,3.63,4.0,P
2009-02-13 06:43:26.860,C,3.57,4.0,3.63,4.0,P
2009-02-13 06:43:26.930,C,3.59,5.0,3.63,4.0,P
2009-02-13 06:43:29.250,C,3.57,4.0,3.63,4.0,P
2009-02-13 06:43:29.319,C,3.59,5.0,3.63,4.0,P
2009-02-13 06:43:30.279,C,3.57,4.0,3.63,4.0,P
2009-02-13 06:43:30.360,C,3.59,5.0,3.63,4.0,P
2009-02-13 06:43:32.569,C,3.57,4.0,3.63,4.0,P
2009-02-13 06:43:32.639,C,3.59,5.0,3.63,4.0,P
2009-02-13 06:43:33.479,C,3.57,4.0,3.63,4.0,P
2009-02-13 06:43:33.549,C,3.59,5.0,3.63,4.0,P
2009-02-13 06:43:36.379,C,3.57,4.0,3.63,4.0,P
2009-02-13 06:43:36.449,C,3.59,5.0,3.63,4.0,P
2009-02-13 06:44:04.347,C,3.57,4.0,3.63,4.0,P
2009-02-13 06:44:04.417,C,3.59,5.0,3.63,4.0,P
2009-02-13 06:44:22.317,C,3.57,4.0,3.63,4.0,P
2009-02-13 06:44:22.387,C,3.59,5.0,3.63,4.0,P
2009-02-13 06:44:28.696,C,3.57,4.0,3.63,4.0,P
2009-02-13 06:44:28.766,C,3.58,10.0,3.63,4.0,P
2009-02-13 06:44:28.776,C,3.59,5.0,3.63,4.0,P
2009-02-13 06:44:34.296,C,3.57,4.0,3.63,4.0,P
2009-02-13 06:44:34.366,C,3.58,15.0,3.63,4.0,P
2009-02-13 06:44:34.389,C,3.59,5.0,3.63,4.0,P
2009-02-13 06:44:37.046,C,3.57,4.0,3.63,4.0,P
2009-02-13 06:44:37.115,C,3.58,15.0,3.63,4.0,P
2009-02-13 06:44:44.845,C,3.57,4.0,3.63,4.0,P
2009-02-13 06:44:44.915,C,3.58,15.0,3.63,4.0,P
2009-02-13 06:44:49.035,C,3.57,4.0,3.63,4.0,P
2009-02-13 06:44:49.105,C,3.58,15.0,3.63,4.0,P
2009-02-13 06:44:59.414,C,3.59,5.0,3.63,4.0,P
2009-02-13 06:44:59.605,C,3.57,4.0,3.63,4.0,P
2009-02-13 06:44:59.674,C,3.59,5.0,3.63,4.0,P
2009-02-13 06:45:02.624,C,3.57,4.0,3.63,4.0,P
2009-02-13 06:45:02.694,C,3.58,15.0,3.63,4.0,P
2009-02-13 06:45:04.674,C,3.57,4.0,3.63,4.0,P
2009-02-13 06:45:04.755,C,3.58,15.0,3.63,4.0,P
2009-02-13 06:45:10.392,C,3.57,4.0,3.63,4.0,P
2009-02-13 06:45:10.415,C,3.59,5.0,3.63,4.0,P
2009-02-13 06:45:11.744,C,3.57,4.0,3.63,4.0,P
2009-02-13 06:45:11.824,C,3.58,15.0,3.63,4.0,P
2009-02-13 06:45:11.861,C,3.59,5.0,3.63,4.0,P
2009-02-13 06:45:12.104,C,3.57,4.0,3.63,4.0,P
2009-02-13 06:45:12.184,C,3.58,15.0,3.63,4.0,P
2009-02-13 06:45:25.343,C,3.57,4.0,3.63,4.0,P
2009-02-13 06:45:25.413,C,3.58,15.0,3.63,4.0,P
2009-02-13 06:45:25.553,C,3.59,5.0,3.63,4.0,P
2009-02-13 06:45:30.633,C,3.57,4.0,3.63,4.0,P
2009-02-13 06:45:30.703,C,3.58,15.0,3.63,4.0,P
2009-02-13 06:45:30.773,C,3.59,5.0,3.63,4.0,P
2009-02-13 06:45:31.253,C,3.57,4.0,3.63,4.0,P
2009-02-13 06:45:31.329,C,3.58,15.0,3.63,4.0,P
2009-02-13 06:45:35.122,C,3.59,5.0,3.63,4.0,P
2009-02-13 06:45:35.373,C,3.57,4.0,3.63,4.0,P
2009-02-13 06:45:35.443,C,3.59,5.0,3.63,4.0,P
2009-02-13 06:45:35.563,C,3.57,4.0,3.63,4.0,P
2009-02-13 06:45:35.633,C,3.57,4.0,3.63,4.0,P
2009-02-13 06:45:35.704,C,3.59,5.0,3.63,4.0,P
2009-02-13 06:45:38.783,C,3.57,4.0,3.63,4.0,P
2009-02-13 06:45:38.852,C,3.58,15.0,3.63,4.0,P
2009-02-13 06:45:41.462,C,3.59,5.0,3.63,4.0,P
2009-02-13 06:45:47.782,C,3.57,4.0,3.63,4.0,P
2009-02-13 06:45:47.862,C,3.59,5.0,3.63,4.0,P
2009-02-13 06:45:51.772,C,3.57,4.0,3.63,4.0,P
2009-02-13 06:45:51.852,C,3.59,5.0,3.63,4.0,P
2009-02-13 06:46:03.361,C,3.57,4.0,3.63,4.0,P
2009-02-13 06:46:03.431,C,3.58,10.0,3.63,4.0,P
2009-02-13 06:46:03.441,C,3.58,15.0,3.63,4.0,P
2009-02-13 06:46:09.860,C,3.59,5.0,3.63,4.0,P
2009-02-13 06:46:18.870,C,3.57,4.0,3.63,4.0,P
2009-02-13 06:46:18.950,C,3.58,15.0,3.63,4.0,P
2009-02-13 06:46:19.520,C,3.59,5.0,3.63,4.0,P
2009-02-13 06:46:57.878,C,3.57,4.0,3.63,4.0,P
2009-02-13 06:46:57.948,C,3.58,15.0,3.63,4.0,P
2009-02-13 06:46:57.948,C,3.58,10.0,3.63,4.0,P
2009-02-13 06:46:58.128,C,3.59,5.0,3.63,4.0,P
2009-02-13 06:47:16.117,C,3.57,4.0,3.63,4.0,P
2009-02-13 06:47:16.198,C,3.59,5.0,3.63,4.0,P
2009-02-13 06:47:16.357,C,3.57,4.0,3.63,4.0,P
2009-02-13 06:47:16.437,C,3.59,5.0,3.63,4.0,P
2009-02-13 06:47:19.767,C,3.57,4.0,3.63,4.0,P
2009-02-13 06:47:19.847,C,3.59,5.0,3.63,4.0,P
2009-02-13 06:47:27.517,C,3.57,4.0,3.63,4.0,P
2009-02-13 06:47:27.587,C,3.58,5.0,3.63,4.0,P
2009-02-13 06:47:27.597,C,3.59,5.0,3.63,4.0,P
2009-02-13 06:47:28.147,C,3.57,4.0,3.63,4.0,P
2009-02-13 06:47:28.217,C,3.59,5.0,3.63,4.0,P
2009-02-13 06:47:32.537,C,3.57,4.0,3.63,4.0,P
2009-02-13 06:47:32.606,C,3.59,5.0,3.63,4.0,P
2009-02-13 06:47:32.947,C,3.57,4.0,3.63,4.0,P
2009-02-13 06:47:33.016,C,3.59,5.0,3.63,4.0,P
2009-02-13 06:47:37.896,C,3.57,4.0,3.63,4.0,P
2009-02-13 06:47:37.966,C,3.59,5.0,3.63,4.0,P
2009-02-13 06:47:38.126,C,3.57,4.0,3.63,4.0,P
2009-02-13 06:47:38.197,C,3.59,5.0,3.63,4.0,P
2009-02-13 06:47:48.625,C,3.57,4.0,3.63,4.0,P
2009-02-13 06:47:48.696,C,3.59,5.0,3.63,4.0,P
2009-02-13 06:47:49.126,C,3.57,4.0,3.63,4.0,P
2009-02-13 06:47:49.196,C,3.59,5.0,3.63,4.0,P
2009-02-13 06:48:10.375,C,3.57,4.0,3.63,4.0,P
2009-02-13 06:48:10.444,C,3.59,5.0,3.63,4.0,P
2009-02-13 06:48:10.645,C,3.57,4.0,3.63,4.0,P
2009-02-13 06:48:10.725,C,3.59,5.0,3.63,4.0,P
2009-02-13 06:48:54.602,C,3.57,4.0,3.63,4.0,P
2009-02-13 06:48:54.672,C,3.59,5.0,3.63,4.0,P
2009-02-13 06:49:00.492,C,3.57,4.0,3.63,4.0,P
2009-02-13 06:49:00.572,C,3.59,5.0,3.63,4.0,P
2009-02-13 06:49:18.171,C,3.57,4.0,3.63,4.0,P
2009-02-13 06:49:18.241,C,3.59,5.0,3.63,4.0,P
2009-02-13 06:50:00.189,C,3.57,4.0,3.63,4.0,P
2009-02-13 06:50:00.259,C,3.59,5.0,3.63,4.0,P
2009-02-13 06:50:17.618,C,3.57,4.0,3.63,4.0,P
2009-02-13 06:50:17.688,C,3.59,5.0,3.63,4.0,P
2009-02-13 06:50:20.198,C,3.57,4.0,3.63,4.0,P
2009-02-13 06:50:20.278,C,3.59,5.0,3.63,4.0,P
2009-02-13 06:50:47.376,C,3.57,4.0,3.63,4.0,P
2009-02-13 06:50:47.446,C,3.59,5.0,3.63,4.0,P
2009-02-13 06:51:19.265,C,3.57,4.0,3.63,4.0,P
2009-02-13 06:51:19.334,C,3.59,5.0,3.63,4.0,P
2009-02-13 06:51:23.964,C,3.57,4.0,3.63,4.0,P
2009-02-13 06:51:24.044,C,3.59,5.0,3.63,4.0,P
2009-02-13 06:51:26.614,C,3.57,4.0,3.63,4.0,P
2009-02-13 06:51:26.694,C,3.58,15.0,3.63,4.0,P
2009-02-13 06:51:26.854,C,3.57,4.0,3.63,4.0,P
2009-02-13 06:51:26.924,C,3.58,15.0,3.63,4.0,P
2009-02-13 06:51:28.613,C,3.59,5.0,3.63,4.0,P
2009-02-13 06:52:19.721,C,3.57,4.0,3.63,4.0,P
2009-02-13 06:52:19.791,C,3.58,15.0,3.63,4.0,P
2009-02-13 06:52:28.670,C,3.59,5.0,3.63,4.0,P
2009-02-13 06:52:44.620,C,3.57,4.0,3.63,4.0,P
2009-02-13 06:52:44.690,C,3.59,5.0,3.63,4.0,P
2009-02-13 06:52:45.870,C,3.57,4.0,3.63,4.0,P
2009-02-13 06:52:45.940,C,3.59,5.0,3.63,4.0,P
2009-02-13 06:52:46.360,C,3.57,4.0,3.63,4.0,P
2009-02-13 06:52:46.429,C,3.59,5.0,3.63,4.0,P
2009-02-13 06:53:29.857,C,3.57,4.0,3.63,4.0,P
2009-02-13 06:53:29.928,C,3.59,5.0,3.63,4.0,P
2009-02-13 06:53:31.587,C,3.57,4.0,3.63,4.0,P
2009-02-13 06:53:31.657,C,3.59,5.0,3.63,4.0,P
2009-02-13 06:53:34.075,C,3.57,4.0,3.63,4.0,P
2009-02-13 06:53:34.137,C,3.59,5.0,3.63,4.0,P
2009-02-13 06:53:35.057,C,3.57,4.0,3.63,4.0,P
2009-02-13 06:53:35.138,C,3.59,5.0,3.63,4.0,P
2009-02-13 06:53:35.257,C,3.57,4.0,3.63,4.0,P
2009-02-13 06:53:35.327,C,3.59,5.0,3.63,4.0,P
2009-02-13 06:53:42.777,C,3.57,4.0,3.63,4.0,P
2009-02-13 06:53:42.857,C,3.59,5.0,3.63,4.0,P
2009-02-13 06:53:45.986,C,3.57,4.0,3.63,4.0,P
2009-02-13 06:53:46.067,C,3.59,5.0,3.63,4.0,P
2009-02-13 06:53:46.407,C,3.57,4.0,3.63,4.0,P
2009-02-13 06:53:46.477,C,3.59,5.0,3.63,4.0,P
2009-02-13 06:53:47.127,C,3.57,4.0,3.63,4.0,P
2009-02-13 06:53:47.207,C,3.59,5.0,3.63,4.0,P
2009-02-13 06:53:47.535,C,3.57,4.0,3.63,4.0,P
2009-02-13 06:53:47.597,C,3.59,5.0,3.63,4.0,P
2009-02-13 06:54:04.856,C,3.57,4.0,3.63,4.0,P
2009-02-13 06:54:04.936,C,3.59,5.0,3.63,4.0,P
2009-02-13 06:54:06.786,C,3.57,4.0,3.63,4.0,P
2009-02-13 06:54:06.855,C,3.59,5.0,3.63,4.0,P
2009-02-13 06:54:06.873,C,3.57,4.0,3.63,4.0,P
2009-02-13 06:54:06.936,C,3.59,5.0,3.63,4.0,P
2009-02-13 06:54:10.356,C,3.57,4.0,3.63,4.0,P
2009-02-13 06:54:10.436,C,3.59,5.0,3.63,4.0,P
2009-02-13 06:54:10.485,C,3.57,4.0,3.63,4.0,P
2009-02-13 06:54:10.566,C,3.59,5.0,3.63,4.0,P
2009-02-13 06:54:20.316,C,3.6,2.0,3.63,4.0,P
2009-02-13 07:00:11.233,C,3.59,5.0,3.66,5.0,T
2009-02-13 07:00:11.233,C,3.58,10.0,3.67,10.0,T
2009-02-13 07:00:11.233,C,3.59,5.0,3.67,10.0,T
2009-02-13 07:00:21.117,C,3.58,10.0,3.67,10.0,T
2009-02-13 07:00:21.117,C,3.58,10.0,3.66,5.0,T
2009-02-13 07:00:21.189,C,3.59,5.0,3.66,5.0,T
2009-02-13 07:00:21.362,C,3.59,5.0,3.67,10.0,T
2009-02-13 07:00:21.435,C,3.59,5.0,3.66,5.0,T
2009-02-13 07:00:38.042,C,3.59,5.0,5.61,2.0,T
2009-02-13 07:00:38.042,C,3.59,5.0,3.67,10.0,T
2009-02-13 07:00:38.116,C,3.58,10.0,3.66,5.0,T
2009-02-13 07:00:38.116,C,3.59,5.0,3.66,5.0,T
2009-02-13 07:00:39.123,C,3.58,10.0,3.66,5.0,T
2009-02-13 07:00:39.123,C,3.58,10.0,3.67,10.0,T
2009-02-13 07:00:39.194,C,3.58,10.0,5.61,2.0,T
2009-02-13 07:00:39.194,C,3.59,5.0,3.67,10.0,T
2009-02-13 07:00:39.194,C,3.58,10.0,3.67,10.0,T
2009-02-13 07:00:39.194,C,3.59,5.0,3.66,5.0,T
2009-02-13 07:00:44.579,C,3.58,10.0,3.66,5.0,T
2009-02-13 07:00:44.659,C,3.59,5.0,3.67,10.0,T
2009-02-13 07:00:44.660,C,3.59,5.0,3.66,5.0,T
2009-02-13 07:00:47.617,C,3.58,10.0,3.66,5.0,T
2009-02-13 07:00:47.618,C,3.58,10.0,3.67,10.0,T
2009-02-13 07:00:47.689,C,3.59,5.0,5.61,2.0,T
2009-02-13 07:00:47.699,C,3.59,5.0,3.67,10.0,T
2009-02-13 07:00:47.699,C,3.59,5.0,3.66,5.0,T
2009-02-13 07:00:48.849,C,3.58,10.0,3.66,5.0,T
2009-02-13 07:00:48.849,C,3.58,10.0,3.67,10.0,T
2009-02-13 07:00:48.921,C,3.59,5.0,3.66,5.0,T
2009-02-13 07:00:48.921,C,3.59,5.0,3.67,10.0,T
2009-02-13 07:00:50.357,C,3.59,5.0,5.61,2.0,T
2009-02-13 07:00:50.357,C,3.58,10.0,5.61,2.0,T
2009-02-13 07:00:50.357,C,3.59,5.0,3.67,10.0,T
2009-02-13 07:00:50.428,C,3.59,5.0,5.61,2.0,T
2009-02-13 07:00:50.429,C,3.59,5.0,3.66,5.0,T
2009-02-13 07:01:17.625,C,3.59,5.0,3.67,10.0,T
2009-02-13 07:01:17.625,C,1.61,2.0,3.67,10.0,T
2009-02-13 07:01:17.626,C,1.61,2.0,3.95,4.0,T
2009-02-13 07:01:17.697,C,3.58,10.0,3.66,5.0,T
2009-02-13 07:01:17.697,C,3.58,10.0,3.95,4.0,T
2009-02-13 07:01:17.697,C,3.59,5.0,3.66,5.0,T
2009-02-13 07:01:52.842,C,1.74,2.0,3.66,5.0,T
2009-02-13 07:01:52.842,C,1.74,2.0,3.95,4.0,T
2009-02-13 07:01:52.913,C,1.74,2.0,3.67,10.0,T
2009-02-13 07:01:52.913,C,3.58,10.0,3.67,10.0,T
2009-02-13 07:01:52.914,C,3.59,5.0,3.67,10.0,T
2009-02-13 07:01:52.923,C,3.59,5.0,3.66,5.0,T
2009-02-13 07:02:17.958,C,1.74,2.0,3.95,4.0,T
2009-02-13 07:02:17.958,C,3.59,5.0,3.95,4.0,T
2009-02-13 07:02:18.029,C,3.59,5.0,3.67,10.0,T
2009-02-13 07:02:18.029,C,1.74,2.0,3.67,10.0,T
2009-02-13 07:02:18.029,C,3.59,5.0,3.66,5.0,T
2009-02-13 07:02:21.868,C,3.58,10.0,3.67,10.0,T
2009-02-13 07:02:21.868,C,3.59,5.0,3.67,10.0,T
2009-02-13 07:02:21.868,C,3.58,10.0,3.95,4.0,T
2009-02-13 07:02:21.877,C,1.74,2.0,3.95,4.0,T
2009-02-13 07:02:21.940,C,1.74,2.0,3.66,5.0,T
2009-02-13 07:02:21.948,C,3.59,5.0,3.66,5.0,T
2009-02-13 07:02:21.948,C,3.58,10.0,3.66,5.0,T
2009-02-13 07:02:22.123,C,1.74,2.0,3.66,5.0,T
2009-02-13 07:02:22.132,C,1.74,2.0,3.95,4.0,T
2009-02-13 07:02:22.196,C,3.59,5.0,3.67,10.0,T
2009-02-13 07:02:22.196,C,1.74,2.0,3.67,10.0,T
2009-02-13 07:02:22.204,C,3.59,5.0,3.66,5.0,T
2009-02-13 07:02:35.170,C,3.58,10.0,3.66,5.0,T
2009-02-13 07:02:35.170,C,1.74,2.0,3.95,4.0,T
2009-02-13 07:02:35.170,C,1.74,2.0,3.66,5.0,T
2009-02-13 07:02:35.242,C,3.59,5.0,3.66,5.0,T
2009-02-13 07:02:35.242,C,3.59,5.0,3.95,4.0,T
2009-02-13 07:02:41.608,C,3.6,2.0,3.64,3.0,P
2009-02-13 07:02:41.855,C,3.63,1.0,3.66,5.0,T
2009-02-13 07:02:49.261,C,3.63,1.0,3.67,10.0,T
2009-02-13 07:02:49.262,C,3.63,1.0,3.95,4.0,T
2009-02-13 07:02:49.334,C,3.63,1.0,3.66,5.0,T
2009-02-13 07:02:53.675,C,3.63,1.0,3.95,4.0,T
2009-02-13 07:02:53.739,C,3.63,1.0,3.67,15.0,T
2009-02-13 07:02:53.753,C,3.63,1.0,3.95,4.0,T
2009-02-13 07:02:53.825,C,3.63,1.0,3.67,15.0,T
2009-02-13 07:02:53.825,C,3.63,1.0,3.68,5.0,T
2009-02-13 07:02:54.782,C,3.59,5.0,3.67,15.0,T
2009-02-13 07:02:54.797,C,3.61,1.0,3.64,3.0,P
2009-02-13 07:02:55.129,C,3.59,5.0,3.66,5.0,T
2009-02-13 07:02:57.287,C,3.61,1.0,3.63,10.0,P
2009-02-13 07:03:00.671,C,3.59,5.0,3.67,10.0,T
2009-02-13 07:03:00.672,C,1.74,2.0,3.95,4.0,T
2009-02-13 07:03:00.672,C,3.58,10.0,3.67,10.0,T
2009-02-13 07:03:00.672,C,1.74,2.0,3.67,10.0,T
2009-02-13 07:03:00.743,C,1.74,2.0,3.67,5.0,T
2009-02-13 07:03:00.743,C,3.59,5.0,3.67,5.0,T
2009-02-13 07:03:00.744,C,3.59,5.0,3.67,15.0,T
2009-02-13 07:03:10.638,C,3.59,5.0,3.66,5.0,T
2009-02-13 07:03:12.098,C,3.59,5.0,3.64,5.0,T
2009-02-13 07:03:52.074,C,3.6,2.0,3.63,10.0,P
2009-02-13 07:03:53.204,C,3.6,2.0,3.62,10.0,P
2009-02-13 07:03:57.208,C,3.58,10.0,3.64,5.0,T
2009-02-13 07:03:57.208,C,1.74,2.0,3.95,4.0,T
2009-02-13 07:03:57.208,C,3.58,10.0,3.95,4.0,T
2009-02-13 07:03:57.281,C,3.58,15.0,3.64,5.0,T
2009-02-13 07:03:57.281,C,3.57,5.0,3.95,4.0,T
2009-02-13 07:03:57.281,C,3.58,5.0,3.95,4.0,T
2009-02-13 07:03:57.281,C,3.58,5.0,3.64,5.0,T
2009-02-13 07:04:00.083,C,3.58,15.0,3.62,10.0,P
2009-02-13 07:04:00.234,C,3.58,15.0,3.61,10.0,P
2009-02-13 07:04:00.326,C,3.58,15.0,3.6,3.0,T
2009-02-13 07:04:04.866,C,3.58,10.0,3.6,3.0,T
2009-02-13 07:04:04.867,C,1.74,2.0,3.6,3.0,T
2009-02-13 07:04:04.874,C,3.57,4.0,3.61,10.0,P
2009-02-13 07:04:04.938,C,3.57,5.0,3.6,3.0,T
2009-02-13 07:04:04.938,C,3.58,5.0,3.6,3.0,T
2009-02-13 07:04:04.939,C,3.58,15.0,3.6,3.0,T
2009-02-13 07:04:04.944,C,3.58,15.0,3.61,10.0,P
2009-02-13 07:04:05.143,C,3.58,15.0,3.6,10.0,P
2009-02-13 07:04:05.323,C,3.58,5.0,3.6,3.0,T
2009-02-13 07:04:05.324,C,1.74,2.0,3.6,3.0,T
2009-02-13 07:04:05.324,C,3.57,5.0,3.6,3.0,T
2009-02-13 07:04:05.334,C,3.57,4.0,3.6,10.0,P
2009-02-13 07:04:05.395,C,3.58,15.0,3.6,3.0,T
2009-02-13 07:04:05.405,C,3.58,15.0,3.6,10.0,P
2009-02-13 07:04:31.120,C,1.74,2.0,3.6,3.0,T
2009-02-13 07:04:31.123,C,3.57,4.0,3.6,10.0,P
2009-02-13 07:04:31.191,C,3.57,5.0,3.6,3.0,T
2009-02-13 07:04:31.200,C,3.58,15.0,3.6,3.0,T
2009-02-13 07:04:31.202,C,3.58,15.0,3.6,10.0,P
2009-02-13 07:04:34.422,C,3.58,15.0,3.59,10.0,P
2009-02-13 07:04:34.595,C,1.74,2.0,3.6,3.0,T
2009-02-13 07:04:34.595,C,3.57,5.0,3.6,3.0,T
2009-02-13 07:04:34.602,C,3.57,4.0,3.59,10.0,P
2009-02-13 07:04:34.666,C,3.58,15.0,3.6,3.0,T
2009-02-13 07:04:34.672,C,3.58,15.0,3.59,10.0,P
2009-02-13 07:04:35.052,C,3.58,15.0,3.59,5.0,P
2009-02-13 07:04:38.362,C,3.57,4.0,3.59,5.0,P
2009-02-13 07:04:38.368,C,3.57,5.0,3.6,3.0,T
2009-02-13 07:04:38.368,C,1.74,2.0,3.6,3.0,T
2009-02-13 07:04:38.440,C,3.58,15.0,3.6,3.0,T
2009-02-13 07:04:38.450,C,3.58,15.0,3.59,5.0,P
2009-02-13 07:04:48.629,C,1.74,2.0,3.6,3.0,T
2009-02-13 07:04:48.632,C,3.57,4.0,3.59,5.0,P
2009-02-13 07:04:48.701,C,3.58,15.0,3.6,3.0,T
2009-02-13 07:04:48.712,C,3.58,15.0,3.59,5.0,P
2009-02-13 07:04:49.115,C,1.74,2.0,3.6,3.0,T
2009-02-13 07:04:49.121,C,3.57,4.0,3.59,5.0,P
2009-02-13 07:04:49.186,C,3.58,15.0,3.6,3.0,T
2009-02-13 07:04:49.191,C,3.58,15.0,3.59,5.0,P
2009-02-13 07:04:49.441,C,3.58,15.0,3.6,10.0,P
2009-02-13 07:04:50.611,C,1.74,2.0,3.6,3.0,T
2009-02-13 07:04:50.622,C,3.57,4.0,3.6,10.0,P
2009-02-13 07:04:50.683,C,3.57,5.0,3.6,3.0,T
2009-02-13 07:04:50.691,C,3.58,15.0,3.6,3.0,T
2009-02-13 07:04:50.692,C,3.58,15.0,3.6,10.0,P
2009-02-13 07:04:53.354,C,1.74,2.0,3.6,3.0,T
2009-02-13 07:04:53.362,C,3.57,4.0,3.6,10.0,P
2009-02-13 07:04:53.427,C,3.58,15.0,3.6,3.0,T
2009-02-13 07:04:53.427,C,3.57,5.0,3.6,3.0,T
2009-02-13 07:04:53.431,C,3.58,15.0,3.6,10.0,P
2009-02-13 07:04:55.117,C,1.74,2.0,3.6,3.0,T
2009-02-13 07:04:55.117,C,3.57,5.0,3.6,3.0,T
2009-02-13 07:04:55.121,C,3.57,4.0,3.6,10.0,P
2009-02-13 07:04:55.188,C,3.57,5.0,3.6,3.0,T
2009-02-13 07:04:55.188,C,3.58,15.0,3.6,3.0,T
2009-02-13 07:04:55.201,C,3.58,15.0,3.6,10.0,P
2009-02-13 07:04:55.604,C,1.74,2.0,3.6,3.0,T
2009-02-13 07:04:55.604,C,3.57,5.0,3.6,3.0,T
2009-02-13 07:04:55.611,C,3.57,4.0,3.6,10.0,P
2009-02-13 07:04:55.676,C,3.58,15.0,3.6,3.0,T
2009-02-13 07:04:55.676,C,3.57,5.0,3.6,3.0,T
2009-02-13 07:04:55.681,C,3.58,15.0,3.6,10.0,P
2009-02-13 07:05:00.851,C,3.57,4.0,3.6,10.0,P
2009-02-13 07:05:00.855,C,1.74,2.0,3.6,3.0,T
2009-02-13 07:05:00.919,C,3.58,15.0,3.6,3.0,T
2009-02-13 07:05:00.931,C,3.58,15.0,3.6,10.0,P
2009-02-13 07:05:17.488,C,3.57,5.0,3.6,3.0,T
2009-02-13 07:05:17.488,C,1.74,2.0,3.6,3.0,T
2009-02-13 07:05:17.490,C,3.57,4.0,3.6,10.0,P
2009-02-13 07:05:17.560,C,3.57,5.0,3.6,3.0,T
2009-02-13 07:05:17.560,C,3.58,15.0,3.6,3.0,T
2009-02-13 07:05:17.570,C,3.58,15.0,3.6,10.0,P
2009-02-13 07:05:22.612,C,1.74,2.0,3.6,3.0,T
2009-02-13 07:05:22.620,C,3.57,4.0,3.6,10.0,P
2009-02-13 07:05:22.684,C,3.57,5.0,3.6,3.0,T
2009-02-13 07:05:22.684,C,3.58,15.0,3.6,3.0,T
2009-02-13 07:05:22.690,C,3.58,15.0,3.6,10.0,P
2009-02-13 07:05:25.600,C,3.57,5.0,3.6,3.0,T
2009-02-13 07:05:25.609,C,1.74,2.0,3.6,3.0,T
2009-02-13 07:05:25.610,C,3.57,4.0,3.6,10.0,P
2009-02-13 07:05:25.672,C,3.58,15.0,3.6,3.0,T
2009-02-13 07:05:25.680,C,3.58,15.0,3.6,10.0,P
2009-02-13 07:05:26.697,C,3.59,5.0,3.6,3.0,T
2009-02-13 07:05:26.697,C,3.58,10.0,3.6,3.0,T
2009-02-13 07:05:26.699,C,3.59,5.0,3.6,10.0,P
2009-02-13 07:05:38.889,C,3.59,5.0,3.61,5.0,P
2009-02-13 07:06:16.779,C,1.74,2.0,3.6,3.0,T
2009-02-13 07:06:16.779,C,3.57,5.0,3.6,3.0,T
2009-02-13 07:06:16.787,C,3.57,4.0,3.61,5.0,P
2009-02-13 07:06:16.851,C,3.58,10.0,3.6,3.0,T
2009-02-13 07:06:16.851,C,3.59,5.0,3.6,3.0,T
2009-02-13 07:06:16.857,C,3.59,5.0,3.61,5.0,P
2009-02-13 07:06:21.596,C,1.74,2.0,3.6,3.0,T
2009-02-13 07:06:21.607,C,3.57,4.0,3.61,5.0,P
2009-02-13 07:06:21.668,C,3.59,5.0,3.6,3.0,T
2009-02-13 07:06:21.677,C,3.59,5.0,3.61,5.0,P
2009-02-13 07:06:22.619,C,1.74,2.0,3.6,3.0,T
2009-02-13 07:06:22.627,C,3.57,4.0,3.61,5.0,P
2009-02-13 07:06:22.690,C,3.58,10.0,3.6,3.0,T
2009-02-13 07:06:22.691,C,3.59,5.0,3.6,3.0,T
2009-02-13 07:06:22.697,C,3.59,5.0,3.61,5.0,P
2009-02-13 07:06:22.983,C,3.58,10.0,3.6,3.0,T
2009-02-13 07:06:22.984,C,1.74,2.0,3.6,3.0,T
2009-02-13 07:06:22.986,C,3.57,4.0,3.61,5.0,P
2009-02-13 07:06:23.054,C,3.59,5.0,3.6,3.0,T
2009-02-13 07:06:23.066,C,3.59,5.0,3.61,5.0,P
2009-02-13 07:06:34.226,C,3.57,4.0,3.61,5.0,P
2009-02-13 07:06:34.231,C,1.74,2.0,3.6,3.0,T
2009-02-13 07:06:34.293,C,3.58,10.0,3.6,3.0,T
2009-02-13 07:06:34.294,C,3.59,5.0,3.6,3.0,T
2009-02-13 07:06:34.306,C,3.59,5.0,3.61,5.0,P
2009-02-13 07:06:34.464,C,3.58,10.0,3.6,3.0,T
2009-02-13 07:06:34.464,C,1.74,2.0,3.6,3.0,T
2009-02-13 07:06:34.466,C,3.57,4.0,3.61,5.0,P
2009-02-13 07:06:34.536,C,3.59,5.0,3.6,3.0,T
2009-02-13 07:06:34.546,C,3.59,5.0,3.61,5.0,P
2009-02-13 07:06:34.617,C,1.74,2.0,3.6,3.0,T
2009-02-13 07:06:34.626,C,3.57,4.0,3.61,5.0,P
2009-02-13 07:06:34.689,C,3.59,5.0,3.6,3.0,T
2009-02-13 07:06:34.696,C,3.59,5.0,3.61,5.0,P
2009-02-13 07:06:47.511,C,1.74,2.0,3.6,3.0,T
2009-02-13 07:06:47.515,C,3.57,4.0,3.61,5.0,P
2009-02-13 07:06:47.583,C,3.58,15.0,3.6,3.0,T
2009-02-13 07:06:47.583,C,3.57,5.0,3.6,3.0,T
2009-02-13 07:06:47.595,C,3.58,15.0,3.61,5.0,P
2009-02-13 07:06:55.085,C,1.74,2.0,3.6,3.0,T
2009-02-13 07:06:55.095,C,3.57,4.0,3.61,5.0,P
2009-02-13 07:06:55.156,C,3.57,5.0,3.6,3.0,T
2009-02-13 07:06:55.157,C,3.58,15.0,3.6,3.0,T
2009-02-13 07:06:55.165,C,3.58,15.0,3.61,5.0,P
2009-02-13 07:07:12.194,C,1.74,2.0,3.6,3.0,T
2009-02-13 07:07:12.204,C,3.57,4.0,3.61,5.0,P
2009-02-13 07:07:12.266,C,3.58,15.0,3.6,3.0,T
2009-02-13 07:07:12.274,C,3.58,15.0,3.61,5.0,P
2009-02-13 07:07:14.867,C,3.57,5.0,3.6,3.0,T
2009-02-13 07:07:14.874,C,3.57,4.0,3.61,5.0,P
2009-02-13 07:07:14.876,C,1.74,2.0,3.6,3.0,T
2009-02-13 07:07:14.938,C,3.58,15.0,3.6,3.0,T
2009-02-13 07:07:14.944,C,3.58,15.0,3.61,5.0,P
2009-02-13 07:07:18.676,C,3.5,200.0,3.6,3.0,T
2009-02-13 07:07:18.684,C,3.57,4.0,3.61,5.0,P
2009-02-13 07:07:18.748,C,3.58,15.0,3.6,3.0,T
2009-02-13 07:07:18.761,C,3.58,15.0,3.61,5.0,P
2009-02-13 07:07:18.860,C,3.5,200.0,3.6,3.0,T
2009-02-13 07:07:18.860,C,3.57,5.0,3.6,3.0,T
2009-02-13 07:07:18.864,C,3.57,4.0,3.61,5.0,P
2009-02-13 07:07:18.932,C,3.58,15.0,3.6,3.0,T
2009-02-13 07:07:18.932,C,3.57,5.0,3.6,3.0,T
2009-02-13 07:07:18.944,C,3.58,15.0,3.61,5.0,P
2009-02-13 07:07:45.616,C,3.5,200.0,3.6,3.0,T
2009-02-13 07:07:45.616,C,3.57,5.0,3.6,3.0,T
2009-02-13 07:07:45.622,C,3.57,4.0,3.61,5.0,P
2009-02-13 07:07:45.688,C,3.58,15.0,3.6,3.0,T
2009-02-13 07:07:45.692,C,3.58,15.0,3.61,5.0,P
2009-02-13 07:08:07.357,C,3.57,5.0,3.6,3.0,T
2009-02-13 07:08:07.357,C,3.5,200.0,3.6,3.0,T
2009-02-13 07:08:07.361,C,3.57,4.0,3.61,5.0,P
2009-02-13 07:08:07.429,C,3.58,15.0,3.6,3.0,T
2009-02-13 07:08:07.441,C,3.58,15.0,3.61,5.0,P
2009-02-13 07:08:09.444,C,3.5,200.0,3.6,3.0,T
2009-02-13 07:08:09.451,C,3.57,4.0,3.61,5.0,P
2009-02-13 07:08:09.516,C,3.58,15.0,3.6,3.0,T
2009-02-13 07:08:09.521,C,3.58,15.0,3.61,5.0,P
2009-02-13 07:08:20.356,C,3.5,200.0,3.6,3.0,T
2009-02-13 07:08:20.360,C,3.57,4.0,3.61,5.0,P
2009-02-13 07:08:20.428,C,3.58,15.0,3.6,3.0,T
2009-02-13 07:08:20.440,C,3.58,15.0,3.61,5.0,P
2009-02-13 07:08:44.281,C,3.57,5.0,3.6,3.0,T
2009-02-13 07:08:44.281,C,3.5,200.0,3.6,3.0,T
2009-02-13 07:08:44.289,C,3.57,4.0,3.61,5.0,P
2009-02-13 07:08:44.352,C,3.58,15.0,3.6,3.0,T
2009-02-13 07:08:44.352,C,3.57,5.0,3.6,3.0,T
2009-02-13 07:08:44.359,C,3.58,15.0,3.61,5.0,P
2009-02-13 07:08:55.175,C,3.5,200.0,3.6,3.0,T
2009-02-13 07:08:55.179,C,3.57,4.0,3.61,5.0,P
2009-02-13 07:08:55.246,C,3.57,5.0,3.6,3.0,T
2009-02-13 07:08:55.247,C,3.58,15.0,3.6,3.0,T
2009-02-13 07:08:55.258,C,3.58,15.0,3.61,5.0,P
2009-02-13 07:09:31.617,C,3.5,200.0,3.6,3.0,T
2009-02-13 07:09:31.617,C,3.57,5.0,3.6,3.0,T
2009-02-13 07:09:31.627,C,3.57,4.0,3.61,5.0,P
2009-02-13 07:09:31.689,C,3.58,15.0,3.6,3.0,T
2009-02-13 07:09:31.697,C,3.58,15.0,3.61,5.0,P
2009-02-13 07:09:31.884,C,3.57,5.0,3.6,3.0,T
2009-02-13 07:09:31.884,C,3.5,200.0,3.6,3.0,T
2009-02-13 07:09:31.887,C,3.57,4.0,3.61,5.0,P
2009-02-13 07:09:31.955,C,3.58,15.0,3.6,3.0,T
2009-02-13 07:09:31.967,C,3.58,15.0,3.61,5.0,P
2009-02-13 07:10:51.852,C,3.5,200.0,3.6,3.0,T
2009-02-13 07:10:51.862,C,3.57,4.0,3.61,5.0,P
2009-02-13 07:10:51.924,C,3.58,15.0,3.6,3.0,T
2009-02-13 07:10:51.932,C,3.58,15.0,3.61,5.0,P
2009-02-13 07:10:52.122,C,3.57,5.0,3.6,3.0,T
2009-02-13 07:10:52.123,C,3.5,200.0,3.6,3.0,T
2009-02-13 07:10:52.133,C,3.57,4.0,3.61,5.0,P
2009-02-13 07:10:52.194,C,3.58,15.0,3.6,3.0,T
2009-02-13 07:10:52.203,C,3.58,15.0,3.61,5.0,P
2009-02-13 07:11:13.771,C,3.5,200.0,3.6,3.0,T
2009-02-13 07:11:13.771,C,3.57,5.0,3.6,3.0,T
2009-02-13 07:11:13.782,C,3.57,4.0,3.61,5.0,P
2009-02-13 07:11:13.842,C,3.58,15.0,3.6,3.0,T
2009-02-13 07:11:13.851,C,3.58,15.0,3.61,5.0,P
2009-02-13 07:11:24.899,C,3.57,5.0,3.6,3.0,T
2009-02-13 07:11:24.900,C,3.5,200.0,3.6,3.0,T
2009-02-13 07:11:24.910,C,3.57,4.0,3.61,5.0,P
2009-02-13 07:11:24.971,C,3.58,15.0,3.6,3.0,T
2009-02-13 07:11:24.981,C,3.58,15.0,3.61,5.0,P
2009-02-13 07:11:25.135,C,3.57,5.0,3.6,3.0,T
2009-02-13 07:11:25.135,C,3.5,200.0,3.6,3.0,T
2009-02-13 07:11:25.141,C,3.57,4.0,3.61,5.0,P
2009-02-13 07:11:25.206,C,3.58,15.0,3.6,3.0,T
2009-02-13 07:11:25.210,C,3.58,15.0,3.61,5.0,P
2009-02-13 07:11:58.448,C,3.57,5.0,3.6,3.0,T
2009-02-13 07:11:58.448,C,3.5,200.0,3.6,3.0,T
2009-02-13 07:11:58.449,C,3.57,4.0,3.61,5.0,P
2009-02-13 07:11:58.519,C,3.58,15.0,3.6,3.0,T
2009-02-13 07:11:58.529,C,3.58,15.0,3.61,5.0,P
2009-02-13 07:12:34.775,C,3.5,200.0,3.6,3.0,T
2009-02-13 07:12:34.777,C,3.57,4.0,3.61,5.0,P
2009-02-13 07:12:34.838,C,3.58,15.0,3.6,3.0,T
2009-02-13 07:12:34.838,C,3.57,5.0,3.6,3.0,T
2009-02-13 07:12:34.847,C,3.58,15.0,3.61,5.0,P
2009-02-13 07:12:35.276,C,3.5,200.0,3.6,3.0,T
2009-02-13 07:12:35.287,C,3.57,4.0,3.61,5.0,P
2009-02-13 07:12:35.348,C,3.58,15.0,3.6,3.0,T
2009-02-13 07:12:35.348,C,3.57,5.0,3.6,3.0,T
2009-02-13 07:12:35.357,C,3.58,15.0,3.61,5.0,P
2009-02-13 07:12:38.758,C,3.57,5.0,3.6,3.0,T
2009-02-13 07:12:38.758,C,3.5,200.0,3.6,3.0,T
2009-02-13 07:12:38.767,C,3.57,4.0,3.61,5.0,P
2009-02-13 07:12:38.830,C,3.58,15.0,3.6,3.0,T
2009-02-13 07:12:38.837,C,3.58,15.0,3.61,5.0,P
2009-02-13 07:13:15.488,C,3.5,200.0,3.6,3.0,T
2009-02-13 07:13:15.495,C,3.57,4.0,3.61,5.0,P
2009-02-13 07:13:15.559,C,3.57,5.0,3.6,3.0,T
2009-02-13 07:13:15.560,C,3.58,15.0,3.6,3.0,T
2009-02-13 07:13:15.565,C,3.58,15.0,3.61,5.0,P
2009-02-13 07:13:32.480,C,3.57,5.0,3.6,3.0,T
2009-02-13 07:13:32.480,C,3.5,200.0,3.6,3.0,T
2009-02-13 07:13:32.484,C,3.57,4.0,3.61,5.0,P
2009-02-13 07:13:32.551,C,3.57,5.0,3.6,3.0,T
2009-02-13 07:13:32.552,C,3.58,15.0,3.6,3.0,T
2009-02-13 07:13:32.564,C,3.58,15.0,3.61,5.0,P
2009-02-13 07:14:27.672,C,3.5,200.0,3.6,3.0,T
2009-02-13 07:14:27.681,C,3.57,4.0,3.61,5.0,P
2009-02-13 07:14:27.743,C,3.57,5.0,3.6,3.0,T
2009-02-13 07:14:27.744,C,3.58,15.0,3.6,3.0,T
2009-02-13 07:14:27.751,C,3.58,15.0,3.61,5.0,P
2009-02-13 07:14:28.612,C,3.57,5.0,3.6,3.0,T
2009-02-13 07:14:28.612,C,3.5,200.0,3.6,3.0,T
2009-02-13 07:14:28.621,C,3.57,4.0,3.61,5.0,P
2009-02-13 07:14:28.684,C,3.58,15.0,3.6,3.0,T
2009-02-13 07:14:28.691,C,3.58,15.0,3.61,5.0,P
2009-02-13 07:14:28.861,C,3.5,200.0,3.6,3.0,T
2009-02-13 07:14:28.861,C,3.57,5.0,3.6,3.0,T
2009-02-13 07:14:28.871,C,3.57,4.0,3.61,5.0,P
2009-02-13 07:14:28.934,C,3.58,15.0,3.6,3.0,T
2009-02-13 07:14:28.941,C,3.58,15.0,3.61,5.0,P
2009-02-13 07:15:20.346,C,3.5,200.0,3.6,3.0,T
2009-02-13 07:15:20.348,C,3.57,4.0,3.61,5.0,P
2009-02-13 07:15:20.409,C,3.58,15.0,3.6,3.0,T
2009-02-13 07:15:20.418,C,3.58,15.0,3.61,5.0,P
2009-02-13 07:15:46.446,C,3.5,200.0,3.6,3.0,T
2009-02-13 07:15:46.457,C,3.57,4.0,3.61,5.0,P
2009-02-13 07:15:46.518,C,3.58,15.0,3.6,3.0,T
2009-02-13 07:15:46.527,C,3.58,15.0,3.61,5.0,P
2009-02-13 07:15:50.292,C,3.5,200.0,3.6,3.0,T
2009-02-13 07:15:50.292,C,3.59,15.0,3.6,3.0,T
2009-02-13 07:15:50.296,C,3.59,15.0,3.61,5.0,P
2009-02-13 07:15:50.400,C,3.5,200.0,3.6,3.0,T
2009-02-13 07:15:50.407,C,3.57,4.0,3.61,5.0,P
2009-02-13 07:15:50.471,C,3.59,15.0,3.6,3.0,T
2009-02-13 07:15:50.476,C,3.59,15.0,3.61,5.0,P
2009-02-13 07:16:15.624,C,3.5,200.0,3.6,3.0,T
2009-02-13 07:16:15.625,C,3.57,4.0,3.61,5.0,P
2009-02-13 07:16:15.696,C,3.58,15.0,3.6,3.0,T
2009-02-13 07:16:15.705,C,3.58,15.0,3.61,5.0,P
2009-02-13 07:16:19.399,C,3.5,200.0,3.6,3.0,T
2009-02-13 07:16:19.405,C,3.57,4.0,3.61,5.0,P
2009-02-13 07:16:19.471,C,3.58,15.0,3.6,3.0,T
2009-02-13 07:16:19.485,C,3.58,15.0,3.61,5.0,P
2009-02-13 07:16:28.034,C,3.58,15.0,3.6,2.0,P
2009-02-13 07:16:30.375,C,3.57,4.0,3.6,2.0,P
2009-02-13 07:16:30.380,C,3.5,200.0,3.6,3.0,T
2009-02-13 07:16:30.443,C,3.58,15.0,3.6,3.0,T
2009-02-13 07:16:30.454,C,3.58,15.0,3.6,2.0,P
2009-02-13 07:16:30.649,C,3.5,200.0,3.6,3.0,T
2009-02-13 07:16:30.662,C,3.57,4.0,3.6,2.0,P
2009-02-13 07:16:30.722,C,3.58,15.0,3.6,3.0,T
2009-02-13 07:16:30.735,C,3.58,15.0,3.6,2.0,P
2009-02-13 07:16:43.306,C,3.5,200.0,3.6,3.0,T
2009-02-13 07:16:43.314,C,3.57,4.0,3.6,2.0,P
2009-02-13 07:16:43.378,C,3.58,15.0,3.6,3.0,T
2009-02-13 07:16:43.384,C,3.58,15.0,3.6,2.0,P
2009-02-13 07:16:53.213,C,3.58,15.0,3.61,5.0,P
2009-02-13 07:17:31.071,C,3.58,15.0,3.59,2.0,P
2009-02-13 07:17:45.018,C,3.5,200.0,3.6,3.0,T
2009-02-13 07:17:45.021,C,3.57,4.0,3.59,2.0,P
2009-02-13 07:17:45.080,C,3.57,5.0,3.6,3.0,T
2009-02-13 07:17:45.081,C,3.58,15.0,3.6,3.0,T
2009-02-13 07:17:45.090,C,3.58,15.0,3.59,2.0,P
2009-02-13 07:18:02.128,C,3.57,5.0,3.6,3.0,T
2009-02-13 07:18:02.128,C,3.5,200.0,3.6,3.0,T
2009-02-13 07:18:02.139,C,3.57,4.0,3.59,2.0,P
2009-02-13 07:18:02.199,C,3.58,15.0,3.6,3.0,T
2009-02-13 07:18:02.209,C,3.58,15.0,3.59,2.0,P
2009-02-13 07:18:31.278,C,3.57,4.0,3.59,2.0,P
2009-02-13 07:18:31.281,C,3.57,5.0,3.6,3.0,T
2009-02-13 07:18:31.282,C,3.5,200.0,3.6,3.0,T
2009-02-13 07:18:31.344,C,3.58,15.0,3.6,3.0,T
2009-02-13 07:18:31.358,C,3.58,15.0,3.59,2.0,P
2009-02-13 07:18:31.690,C,3.57,5.0,3.6,3.0,T
2009-02-13 07:18:31.690,C,3.5,200.0,3.6,3.0,T
2009-02-13 07:18:31.698,C,3.57,4.0,3.59,2.0,P
2009-02-13 07:18:31.762,C,3.58,15.0,3.6,3.0,T
2009-02-13 07:18:31.768,C,3.58,15.0,3.59,2.0,P
2009-02-13 07:18:32.882,C,3.57,5.0,3.6,3.0,T
2009-02-13 07:18:32.882,C,3.5,200.0,3.6,3.0,T
2009-02-13 07:18:32.888,C,3.57,4.0,3.59,2.0,P
2009-02-13 07:18:32.954,C,3.58,15.0,3.6,3.0,T
2009-02-13 07:18:32.958,C,3.58,15.0,3.59,2.0,P
2009-02-13 07:18:35.440,C,3.5,200.0,3.6,3.0,T
2009-02-13 07:18:35.448,C,3.57,4.0,3.59,2.0,P
2009-02-13 07:18:35.512,C,3.57,5.0,3.6,3.0,T
2009-02-13 07:18:35.513,C,3.58,15.0,3.6,3.0,T
2009-02-13 07:18:35.518,C,3.58,15.0,3.59,2.0,P
2009-02-13 07:18:40.187,C,3.58,15.0,3.61,5.0,P
2009-02-13 07:18:40.429,C,3.59,2.0,3.6,3.0,T
2009-02-13 07:18:41.278,C,3.57,4.0,3.61,5.0,P
2009-02-13 07:18:41.347,C,3.58,15.0,3.61,5.0,P
2009-02-13 07:19:13.493,C,3.59,2.0,3.65,5.0,T
2009-02-13 07:19:13.495,C,3.6,17.0,3.61,5.0,P
2009-02-13 07:19:40.341,C,3.59,2.0,3.95,4.0,T
2009-02-13 07:19:40.413,C,3.59,2.0,3.65,5.0,T
2009-02-13 07:21:02.833,C,3.59,2.0,3.95,4.0,T
2009-02-13 07:21:02.833,C,3.59,2.0,3.66,5.0,T
2009-02-13 07:21:02.905,C,3.59,2.0,3.65,5.0,T
2009-02-13 07:21:19.838,C,3.59,2.0,3.95,4.0,T
2009-02-13 07:21:19.909,C,3.59,2.0,3.66,5.0,T
2009-02-13 07:21:19.910,C,3.59,2.0,3.65,5.0,T
2009-02-13 07:21:26.610,C,3.59,2.0,3.95,4.0,T
2009-02-13 07:21:26.680,C,3.59,2.0,3.66,5.0,T
2009-02-13 07:21:26.681,C,3.59,2.0,3.65,5.0,T
2009-02-13 07:21:31.074,C,3.59,2.0,3.66,5.0,T
2009-02-13 07:21:31.074,C,3.59,2.0,3.95,4.0,T
2009-02-13 07:21:31.145,C,3.59,2.0,3.65,5.0,T
2009-02-13 07:21:31.862,C,3.59,2.0,3.95,4.0,T
2009-02-13 07:21:31.933,C,3.59,2.0,3.66,5.0,T
2009-02-13 07:21:31.935,C,3.59,2.0,3.65,5.0,T
2009-02-13 07:21:32.121,C,3.59,2.0,3.66,5.0,T
2009-02-13 07:21:32.121,C,3.59,2.0,3.95,4.0,T
2009-02-13 07:21:32.193,C,3.59,2.0,3.65,5.0,T
2009-02-13 07:21:58.386,C,3.59,2.0,3.64,5.0,T
2009-02-13 07:21:58.613,C,3.59,2.0,3.95,4.0,T
2009-02-13 07:21:58.684,C,3.59,2.0,3.65,5.0,T
2009-02-13 07:21:58.685,C,3.59,2.0,3.64,5.0,T
2009-02-13 07:22:07.778,C,3.58,15.0,3.64,5.0,T
2009-02-13 07:22:51.362,C,3.5,200.0,3.65,5.0,T
2009-02-13 07:22:51.362,C,3.57,5.0,3.64,5.0,T
2009-02-13 07:22:51.362,C,3.57,5.0,3.65,5.0,T
2009-02-13 07:22:51.362,C,3.5,200.0,3.95,4.0,T
2009-02-13 07:22:51.425,C,3.5,200.0,3.64,5.0,T
2009-02-13 07:22:51.425,C,3.58,15.0,3.64,5.0,T
2009-02-13 07:22:51.687,C,3.57,5.0,3.95,4.0,T
2009-02-13 07:22:51.687,C,3.57,5.0,3.65,5.0,T
2009-02-13 07:22:51.687,C,3.58,15.0,3.65,5.0,T
2009-02-13 07:22:51.687,C,3.5,200.0,3.95,4.0,T
2009-02-13 07:22:51.758,C,3.58,15.0,3.64,5.0,T
2009-02-13 07:22:51.758,C,3.5,200.0,3.64,5.0,T
2009-02-13 07:22:53.204,C,3.5,200.0,3.65,5.0,T
2009-02-13 07:22:53.204,C,3.5,200.0,3.95,4.0,T
2009-02-13 07:22:53.204,C,3.57,5.0,3.65,5.0,T
2009-02-13 07:22:53.204,C,3.57,5.0,3.64,5.0,T
2009-02-13 07:22:53.278,C,3.57,5.0,3.95,4.0,T
2009-02-13 07:22:53.286,C,3.58,15.0,3.64,5.0,T
2009-02-13 07:22:53.286,C,3.57,5.0,3.64,5.0,T
2009-02-13 07:22:53.344,C,3.58,15.0,3.95,4.0,T
2009-02-13 07:22:53.344,C,3.57,5.0,3.95,4.0,T
2009-02-13 07:22:53.344,C,3.58,15.0,3.65,5.0,T
2009-02-13 07:22:53.353,C,3.5,200.0,3.95,4.0,T
2009-02-13 07:22:53.416,C,3.5,200.0,3.65,5.0,T
2009-02-13 07:22:53.423,C,3.5,200.0,3.64,5.0,T
2009-02-13 07:22:53.425,C,3.58,15.0,3.64,5.0,T
2009-02-13 07:23:10.463,C,3.58,15.0,3.95,4.0,T
2009-02-13 07:23:10.464,C,3.5,200.0,3.95,4.0,T
